2242 3659
242 224 895 357 nnucru.v.70.71.197

82 373 168 437 ‘um
166 385 286 459 agrum
305 347 485 435 ventururn
521 359 641 458 'Atque
661 341 801 461 Argivis
822 370 900 462 qui·

95 481 194 561 dem,
224 502 408 572 eorumque
428 476 522 550 sociis
542 479 624 550 tales
647 481 899 555 cohortationes

95 590 285 686 propositae
299 577 465 664 inerunt.
513 589 772 666 Lacedaemonii
801 621 897 681 vero,
933 681 936 687 ¹

82 707 219 800 ‘partini
236 729 296 800 per
321 705 354 778 se
379 703 477 799 ipsos,
503 707 625 800 partim
649 709 694 780 ob
717 709 897 783 militarem

83 819 316 914 disciplinam,
338 805 372 891 se
387 839 506 892 mutuo
520 821 755 906 hortabantur,
776 845 815 896 ut
829 851 897 898 rne-

83 925 206 1008 inores
221 930 325 1006 efferrt
339 921 515 1017 virtutum,
533 937 666 1029 quasin
681 935 715 1008 se
729 939 809 1009 viris
823 938 896 1010 for·

82 1047 185 1120 tibus
213 1033 279 1120 effe
299 1068 503 1121 noverant:
544 1048 738 1142 persuasum
768 1051 896 1124 haben-

93 1183 142 1236 tes
171 1149 373 1235 diuturnum
400 1186 514 1234 rerum
534 1161 724 1236 bellicarum
748 1163 896 1240 studium

81 1279 134 1350 rad
148 1276 289 1349 salutem
299 1277 478 1371 parandam
488 1276 564 1371 plus
574 1278 810 1379 valererquam
820 1281 895 1352 bre-

83 1415 169 1464 ·vem
184 1389 366 1463 verborum
376 1392 551 1486 ¹praeclare
560 1389 725 1467 fastorum
736 1394 895 1467 eohorta·

82 1507 230 1578 ¹tionern.

82 1651 88 1659 ·
141 1618 339 1714 70.Atque
350 1617 515 1712 posthaec
526 1621 706 1694 concursus
717 1622 822 1696 fastus
834 1623 894 1698 est

82 1729 136 1804 zEt
150 1731 276 1828 Argivi
296 1734 444 1827 quidem,
464 1759 653 1841 eorumque
672 1735 752 1808 socii
771 1763 895 1832 magno

89 1847 231 1944 impetu,
247 1847 364 1942 iraque
376 1849 535 1922 concitati
526 1847 766 1950 ferebantur:
787 1851 894 1924 Lace·

84 1962 259 2034 daemonii
276 1977 358 2035 vero
372 1962 463 2035 lente
486 1975 520 2035 et
545 1965 587 2034 ad
611 1983 745 2034 cantum
769 1966 895 2037 multo-

84 2067 169 2148 rum
183 2069 377 2159 tibicinum,
405 2077 464 2170 qui
484 2102 527 2150 ex
547 2079 624 2172 lege
643 2079 732 2150 inter
751 2078 839 2174 ipsos
860 2105 895 2152 e·

85 2211 168 2262 rant
183 2189 384 2285 interpofiti3
404 2215 472 2262 non
488 2191 537 2262 rei
553 2192 686 2265 divinae
700 2195 820 2288 gratia,
837 2193 896 2267 sed

86 2325 130 2375 -ut
145 2306 380 2376 adnumerum
394 2304 561 2400 aequabili
577 2309 685 2400 gradu
701 2309 894 2401 incedentes

87 2419 393 2513 progrederentur,
414 2441 448 2491 et
467 2445 510 2493 ne
524 2421 612 2492 acies
626 2421 894 2495 distraheretur:

88 2535 183 2625 quod
197 2533 312 2628 magni
327 2534 494 2605 exercitus
519 2535 553 2606 iu
573 2534 645 2631 ipso
663 2536 829 2636 concursu
843 2535 894 2608 fa·

87 2643 301 2719 ¹ceresoleut.
861 2657 870 2683 ¹

87 2793 91 2800 ·
148 2781 214 2847 71.
233 2747 466 2835 intereavero
485 2764 568 2834 duni
582 2763 669 2835 acies
683 2764 795 2837 adhuc
816 2792 894 2839 con·

90 2887 281 2957 turrerent,
298 2899 358 2946 rex
373 2875 459 2971 Agis
475 2878 668 2975 hujusmodi
684 2875 896 2975 stratagema-

89 3008 125 3060 te
139 2989 189 3059 uti
205 2975 517 3085 constituerat‚quo
531 3017 647 3064 omnes
662 2996 830 3066 exercitus
845 2996 894 3065 uti

90 3095 347 3208 consueverunt.
383 3127 460 3174 narn
487 3106 521 3176 in
541 3105 613 3200 ipso
632 3106 789 3179 confliiiu
809 3110 896 3177 acies

91 3231 316 3315 utrorumque
340 3215 478 3316 insuram
493 3221 655 3294 dextrum
674 3245 781 3293 cornu
796 3219 895 3295 latius
