2242 3659
151 346 158 355 ,
240 199 707 345 nuncnova:
832 288 892 369 ῃ

74 394 157 473 fisos
169 390 295 469 vicisse:
316 394 374 469 sed
387 418 456 469 non
468 394 579 469 molto
579 393 698 495 spatio
706 394 884 496 interjecto

75 513 221 589 animam
235 506 372 585 efflavit.
388 510 557 605 Reliquus
571 531 685 609 autem
698 512 882 597 exercitus,

75 626 228 721 quicum
244 623 401 697 Clearida
415 644 500 706 erat,
516 647 595 697 cum
607 648 627 695 a
640 624 896 721 persequendis‘

75 738 229 813 hostibus
245 736 406 823 rediisset,
416 739 577 813 cadavera
586 738 752 837 spoliavit,
764 761 798 815 et
813 760 881 815 tro·

75 853 334 955 pacumerexic,

140 1106 198 1157 11.
228 1080 348 1157 Postea
362 1106 446 1157 vero
458 1082 606 1157 univers
620 1080 700 1157 socii
716 1082 884 1159 Brafidrm

75 1222 154 1271 cum
168 1200 270 1271 armis
289 1196 499 1293 prosequuti,
518 1199 657 1293 publice
675 1198 884 1295 sepelierunt

78 1312 114 1385 in
127 1313 226 1396 urbe,
242 1333 321 1385 ante
335 1310 463 1397 forum,
473 1315 568 1409 quod
581 1338 672 1386 nunc
687 1311 745 1386 est.
774 1312 885 1387 Dein·

78 1428 119 1500 de
128 1425 505 1521 Amphipolitani,cum
515 1426 615 1521 ipsius
625 1449 884 1501 monumentum

78 1540 173 1637 septo
197 1538 504 1625 circumdedissent,
531 1560 572 1613 ut
598 1542 697 1616 heroi
726 1562 883 1637 parenta-

78 1676 171 1740 nmr‚
195 1676 233 1729 ct
253 1656 400 1729 honores
419 1656 627 1741 tribuerunt,
646 1657 830 1731 certamina
847 1676 886 1731 et

78 1768 239 1843 sacrificia
252 1768 495 1844 anniversaria:
515 1768 683 1841 coloniam
696 1772 798 1843 etiam
812 1770 888 1865 ipsi,

78 1905 115 1961 ut
129 1885 205 1985 ejus
220 1884 401 1967 conditori,
412 1882 657 1966 attribuerunt,
666 1884 802 1980 dejesiis
811 1882 888 1979 Ag-

78 2000 177 2076 nonis
191 1998 365 2083 aedificiiS,
380 1998 542 2093 omnique
557 2002 780 2071 monumento
792 1996 887 2071 dele·

79 2135 126 2199 to,
150 2113 175 2186 fi
195 2114 280 2209 quid
300 2110 392 2185 forte
414 2110 601 2210 supererat,
620 2113 716 2207 quod
733 2111 888 2186 coioniae

79 2229 121 2301 ab
135 2252 179 2301 eo
199 2229 359 2301 dedusiae
378 2226 575 2300 memoriam
592 2222 792 2301 conservare
809 2225 887 2323 pos·

80 2341 139 2417 set.
169 2340 417 2424 existimantes,
441 2339 610 2415 Brafidam
629 2342 768 2436 quidem
789 2341 888 2414 suum

79 2456 288 2533 servatorem
301 2451 472 2539 exstitisse,
491 2452 587 2529 fimus
606 2457 709 2529 etiam
731 2457 768 2531 in
788 2480 889 2551 prae-

80 2570 199 2655 sentia,
219 2590 361 2666 propter
380 2566 638 2645 Atheniensium
657 2590 800 2653 metum,
819 2567 890 2639 La·

80 2686 378 2760 cedaemoniorum
391 2682 586 2762 societatem
600 2683 795 2755 ambientes.
818 2680 890 2777 Ag·

82 2822 316 2893 nonemnero,
347 2795 767 2894 propterAthenienfium'
785 2794 897 2869 hosti-.-

83 2937 140 2986 um
162 2912 366 2996 inimicitias,
394 2936 464 2985 non
483 2934 593 3007 aeque
611 2935 656 2985 ex
672 2908 735 2986 usu
755 2911 817 2985 suo
836 2910 890 2982 his

83 3027 271 3129 honoribus
286 3027 353 3127 ase
366 3024 520 3213 affcsigm
531 3027 587 3121 iri,
598 3051 661 3103 nec
675 3045 790 3123 gratos
804 3022 894 3099 sore·

506 3164 524 3245 3
