2242 3659
14 2 455 18 -WW-

254 242 701 357 Tuncrum
821 256 874 357 85

75 378 175 478 ariph
188 379 311 477 fingvrli
324 381 515 485 sotietatem
528 411 598 467 cum
617 384 688 459 illis
707 380 873 464 facerent.

128 522 191 596 30.
210 495 468 571 Lacedaemonii
490 526 583 583 vero,
603 524 680 572 eum
699 502 790 574 huuc
810 528 869 575 ru·

74 633 210 693 norem,
225 611 285 705 qui
300 636 361 705 per
370 610 639 709 Peloponnesum
652 612 820 711 diliipatus
834 642 868 691 e·

75 746 132 808 rat,
147 723 327 810 lenfiffent,
344 747 379 799 et
394 728 592 801 Corinthios
606 748 739 801 autores
753 726 866 819 fuisse,

26 840 33 855 ’
72 837 224 934 ipsosque
238 864 315 927 cum
336 839 477 936 Argivis
490 838 612 916 foedus
631 840 744 941 facere
763 841 867 917 statn-

73 950 139 1035 ille,
155 950 377 1054 cagmffnt,
397 955 527 1051 legatos
546 955 751 1027 Corinthum
770 956 869 1030 mise-¹

73 1088 150 1139 runt
151 1066 318 1163 ,quodill
314 1066 868 1165 arumfoedusacmrrumfuturum

73 1202 281 1287 antevertere
295 1182 431 1264 vellent
459 1180 505 1257 Et
519 1168 775 1279 expostulabant
788 1190 868 1258 cum

72 1296 113 1369 de
123 1320 179 1379 eo,
198 1297 301 1391 quod
305 1298 411 1371 totius
429 1296 550 1395 hujus
543 1312 645 1371 motus
657 1319 795 1381 autores
808 1297 866 1371 fu·

72 1407 175 1494 ideut,
189 1412 381 1494 tumdeeo,
395 1409 726 1507 quodasedeficere,
742 1434 866 1487 etcum

73 1524 208 1621 Argivis
221 1524 413 1599 societatem
431 1524 545 1599 facere
564 1524 757 1603 statuilletrt.
795 1527 867 1603 Eos

66 1639 298 1737 jusjurandum
312 1638 497 1711 violaturos
510 1640 677 1728 dicebant,
688 1637 866 1741 atquejam

71 1751 186 1851 injuste
198 1750 324 1836 facere,
335 1754 428 1849 quod
437 1750 580 1861 'foedera
591 1778 668 1825 cum
678 1752 867 1841 Athenien·
984 1784 997 1813 ⁸

70 1865 150 1938 fihus
159 1862 310 1961 perculsa
317 1890 389 1946 ‚non
399 1868 632 1947 admitterent:
648 1890 725 1939 cum
740 1865 775 1940 in
790 1866 865 1967 ipsts

71 1980 282 2059 illatouditio
291 1979 507 2055 disertillimis
518 1982 629 2055 verbis
640 1981 866 2077 contineatur,

71 2090 297 2171 idratumeffe
306 2099 572 2192 oportere,quod
581 2098 687 2197 major
697 2094 866 2183 sociorum

68 2233 141 2305 pars
158 2211 369 2298 decreverim
394 2211 454 2283 uili
467 2211 522 2285 vel
541 2211 712 2307 Deorum,
733 2212 786 2293 vel
801 2212 864 2289 he·

70 2348 162 2397 roum
181 2325 320 2418 aliquod
338 2324 615 2420 impedimentum
633 2324 864 2401 intercederit.

43 2424 47 2431 ’
69 2437 237 2512 Corinthii
251 2462 345 2536 vero,
361 2436 591 2532 praesentibus
604 2438 712 2525 sociis,
727 2466 812 2536 quos
827 2438 864 2511 in

69 2552 222 2649 corfilium
233 2552 294 2625 libi
312 2552 549 2638 adhibuerant,
572 2574 741 2649 quotquot
756 2573 790 2626 et
805 2552 865 2647 ipfi

61 2652 207 2754 ,foedera
217 2651 285 2749 nou
300 2665 499 2742 admiserant
512 2664 615 2762 (ipsos
629 2668 720 2741 enim
729 2665 788 2761 ipsr
797 2661 864 2761 pri·

68 2803 102 2853 us
114 2779 383 2884 advocaverant)
403 2779 679 2853 Lacedaemoniis
693 2781 862 2854 contradi·

62 2895 220 2989 rebant,
211 2895 356 2991 injurias
363 2895 515 2989 quidem
527 2893 651 3002 quibus
665 2890 770 2968 affedi
784 2893 862 2971 fue·

68 3029 149 3091 rant,
165 3007 276 3107 palam
289 3030 359 3083 non
372 3004 579 3082 declarantes
580 2994 864 3103 ‚quodvidelicet

68 3146 173 3217 neque
189 3120 287 3208 sunm
296 3121 432 3209 Solium
451 3135 565 3217 neque
586 3122 806 3227 Anadorium
820 3122 863 3193 ab

68 3232 605 3431 Athemenfibusreceprlisent
535 3262 670 3336 ,neque
683 3234 707 3311 fi
720 3260 787 3331 qua
801 3235 865 3307 alia

71 3406 76 3417 .
490 3376 585 3453 3
