2242 3659
216 243 673 333 OEHUCsY'DNACL
797 260 857 364 ἵζ’

46 392 179 467 monins
195 408 231 463 et
245 386 472 463 Athenienses
491 389 576 462 inita
593 387 677 474 fuit}
694 384 860 465 curn'Pli·

56 508 149 581 stolas
161 500 425 579 :Lacedaemt'rne
444 501 720 599 Ephorus‘effen
739 526 774 579 et
792 504 860 580 At.

58 647 150 695 cacus
165 618 315 693 Athenis
331 602 489 703 Archon,
509 620 606 713 apud
614 618 859 715 illos‘quidem,

59 738 113 831 qui
127 734 358 830 haecsoedera
372 730 586 818 admiserant,
602 758 667 828 pax
681 730 775 809 erat?
788 734 859 808 Co·

61 850 173 925 rinthii
188 872 283 931 tero,
302 867 340 933 ,et
359 849 524 943 quaedam
541 843 764 942 Peloponnefi
777 850 861 924 ciri-

61 984 165 1048 tates,·
178 984 267 1059 quae
286 964 355 1033 aua
375 960 534 1045 fueraut,
552 964 806 1062 eoncuriebant‚
824 982 862 1038 et

61 1076 231 1151 confestim
255 1076 342 1147 atius
368 1074 537 1149 sociorum
563 1096 677 1149 motus
704 1076 864 1151 aduersus

57 1190 342 1266 ¹Lacedaemonios
361 1188 499 1264 exstitit.
532 1188 638 1289 Quin·
649 1190 752 1265 etiam
769 1216 866 1289 prae·

61 1327 151 1380 terea
168 1304 443 1390 Lacedaemonii,
470 1302 657 1401 progreffir
678 1307 864 1402 temporis,

66 1419 320 1495 Atheniensibus
355 1420 391 1492 in
424 1418 647 1515 suspitionem
675 1440 864 1510 venerunt,

64 1538 153 1630 quod
169 1536 334 1633 quaedam
347 1558 417 1609 non
437 1532 649 1631 praestarent·
659 1558 703 1610 ex
716 1545 866 1611 conven-

64 1650 118 1734 tis,
140 1650 275 1749 quaein
290 1646 471 1723 foederum
490 1651 743 1724 conditionibus
756 1651 867 1725 couti·

67 1764 237 1839 nebantur.
266 1762 591 1857 Eradfexquidem
604 1788 722 1850 annos,
736 1767 869 1839 decem·

68 1904 131 1972 que
155 1878 285 1953 menses
309 1874 443 1978 tetrique
466 1875 525 1950 srbi
545 1896 798 1972 temperarunt,
824 1902 871 1964 ne

69 1992 158 2067 alteri
173 1996 207 2067 in
223 1994 410 2065 alterorum
424 2016 545 2088 agrurn
559 2015 639 2065 curn
653 1991 807 2066 exercitu
821 1992 881 2065 in·'

70 2104 149 2182 festo
168 2105 481 2204 proficiscerentur:
502 2106 560 2179 sed
580 2126 675 2180 extra
695 2103 871 2209 utriusque

70 2221 240 2322 agn'stnes
257 2228 402 2319 'propter
416 2221 568 2294 indutias
582 2220 721 2295 rnir'rirne
742 2221 885 2309 firmans

71 2334 101 2409 se
122 2356 243 2413 mutuo
262 2336 414 2411 maximis.
431 2336 645 2417 detrimentis
667 2334 870 2415 afficiebant.

72 2448 205 2525 Deinde
219 2474 309 2523 ¹vero
332 2450 434 2524 etiam
453 2449 511 2523 illa
534 2447 610 2547 post
628 2452 747 2525 decem
767 2474 874 2525 annot

73 2562 205 2640 foedera
220 2588 380 2661 rumpere
393 2565 509 2649 condi,
530 2563 646 2637 rursus
659 2568 702 2640 ad
715 2586 874 2720 apertum

73 2676 193 2753 bellum
208 2699 388 2753 venerunt.

78 2844 81 2851 ψ
129 2800 191 2867 26.
211 2790 331 2889 Atque
345 2794 429 2867 haec
439 2816 583 2888 quoque
591 2790 682 2866 rdem
692 2789 875 2891 Thucydi·

73 2908 126 2981 des
140 2907 372 2992 Athenienfis,
383 2926 487 3003 prout
501 2906 630 3003 lingula
644 2932 800 3005 quaeque
813 2932 877 3005 ge

74 3017 116 3107 sta
130 3024 219 3109 suut,
231 3020 879 3121 peraestatesaehyemenordinecon·
