2242 3659
226 170 673 280 THUCYDantss
774 198 843 283 1'41

40 318 53 355 ‘
70 309 217 407 quidem
235 306 348 403 gratis
366 330 404 378 ac
422 306 506 380 letis
524 326 715 383 armaturae
741 312 855 385 militi·

42 435 54 467 ‘
71 426 152 515 bua-
164 443 270 517 atque
278 420 469 516 sagittariis,
479 422 633 517 quotidie
644 416 759 497 ternos
774 426 857 499 obo-

44 550 55 583 ‘
73 541 127 613 los
137 536 352 633 Aeginatos:
368 534 726 633 equititero‚fingulas
736 540 857 613 drac'h·

47 664 147 726 ‘mas
163 649 367 745 Aeginaeast
395 647 525 722 Endein
544 649 674 737 civitas,
695 676 783 747 quae
807 680 857 727 co·

47 779 58 811 ⁴
69 765 156 868 pias
172 764 345 847 acciverit,
365 762 499 857 imperii
518 762 679 838 summam
693 766 856 853 obtineat,

50 892 60 924 ‘
78 880 247 955 fibellum
261 878 298 949 in
312 879 385 977 ejus
397 876 522 950 finibus
536 900 697 974 geratur:
713 880 858 977 atfiquo

51 1007 62 1037 ‘
79 992 242 1068 univerfis
257 991 450 1065 civitatibus
463 990 648 1091 conj‘uniiis¹
663 987 768 1089 copiis
783 1010 859 1089 pr'o·

55 1108 186 1183 ‘ficisei
214 1104 322 1180 visum
350 1102 471 1189 fuerit,
500 1106 624 1179 omnes‘
647 1102 800 1181 civitates
824 1108 860 1182 in

56 1235 66 1264 ‘
83 1224 147 1296 hac
157 1218 362 1321 expeditione
375 1243 437 1314 par
450 1220 632 1315 imperium
646 1222 860 1318 participent.

57 1337 186 1410 &Haec
215 1354 330 1409 autem
353 1332 505 1419 foedera,
535 1332 766 1409 Athenienses
784 1339 861 1432 quia

59 1462 69 1492 ‘
88 1455 165 1526 dem
179 1474 244 1545 pto
258 1447 292 1521 se
306 1447 391 1543 ipit,
403 1468 438 1521 et
452 1474 516 1543 pro
530 1447 640 1535 sociis,
650 1452 780 1549 jurent.
794 1448 861 1524 Ar·

60 1576 70 1607 ‘
87 1566 156 1662 givi
170 1589 267 1646 vero,
282 1583 318 1637 et
331 1562 517 1646 Mandaei,
528 1582 562 1635 et
571 1562 661 1648 Elei,
673 1568 862 1661 eorumque

63 1689 72 1721 ‘
88 1680 166 1754 socii
180 1681 218 1751 in
232 1677 298 1749 suis
307 1676 437 1772 quique
446 1677 638 1749 civitatibus
644 1676 773 1775 jurent.
789 1678 863 1751 sina

63 1803 73 1833 ‘
90 1795 188 1891 gulae
202 1813 318 1864 autem
335 1790 488 1863 civitates
507 1788 607 1883 supra
621 1790 720 1862 lectas
738 1790 864 1863 hostiae

28 1919 32 1927 '
65 1916 73 1945 ‘
86 1907 333 2007 jusjurandum,
343 1906 438 1999 quod
451 1903 604 1977 motibus
619 1904 735 1999 patriis
750 1902 797 1977 est
813 1914 864 1978 re*

66 2028 75 2060 ‘
92 2042 239 2117 ceptum,
251 2039 286 2092 et
298 2020 393 2113 quod
408 2016 684 2113 religiofiffimum
697 2020 788 2115 apud
804 2009 866 2092 fin*

65 2144 75 2174 ‘
92 2137 186 2231 gulas
200 2134 359 2215 habetur,
375 2133 505 2230 jurent.
542 2132 787 2233 Jusjitrandum
805 2137 865 2206 auss

67 2258 159 2325 ‘tem
173 2251 210 2323 in
225 2249 309 2321 hacc
327 2248 432 2321 verba
449 2248 609 2345 juretur=
628 2245 804 2321 ¹Pe'rstabo
830 2250 866 2322 in

68 2364 252 2437 ‘societate
271 2388 314 2435 ex
334 2362 435 2456 pactis
457 2382 492 2433 et
511 2364 699 2447 conventis,
725 2362 817 2461 juste
831 2376 867 2435 et

70 2486 80 2516 ‘
96 2479 239 2551 innocue
253 2496 289 2549 et
302 2476 444 2565 {incere3
459 2500 603 2549 neceam
619 2477 688 2548 ulia
703 2478 757 2549 tel
773 2476 867 2547 falla«

71 2593 144 2663 ‘cia
156 2590 213 2665 tel
226 2590 475 2663 machinatione
493 2590 639 2663 violabo.
667 2590 793 2685 Jurent
812 2601 869 2661 aui

73 2711 84 2743 ⁸
99 2696 325 2779 tem'Athenis
339 2703 491 2799 quidem,
502 2702 646 2776 Senatus
656 2712 693 2775 et'
700 2702 869 2775 Polernar·¹

74 2823 84 2861 ‘
100 2820 168 2893 chi:
186 2818 352 2916 Prytanes
362 2838 476 2893 autem
486 2818 528 2890 ad
535 2817 774 2919 jusjurandum
785 2816 868 2893 alios
