2242 3659
242 232 694 337 THUCYD.V.'2·7‘;
806 227 876 345 3)

51 370 110 449 del
123 366 175 446 ab
189 370 267 469 ipso
281 373 383 473 hujus
403 370 486 445 belli
504 374 606 449 initio
618 374 727 474 nsque
746 378 789 452 'ad
802 365 888 481 'eju'c

56 491 179 573 finem,
206 489 313 583 volgo
332 488 520 582 praedicari
539 488 688 577 solitum,
708 492 777 567 hoc
804 480 878 576 bel,

58 603 132 676 lum
147 622 209 676 ter
223 590 375 677 novenoa
387 604 493 675 annos
506 601 640 700 gestum
658 605 711 679 iri.
741 604 878 709 Qramf

62 720 121 819 dio
141 708 264 791 antem
282 716 349 789 hoc
367 716 522 801 duravit,
542 741 609 813 ego
627 717 772 795 senfibus
789 725 878 800 inte-

66 833 136 928 gris
155 850 330 928 perpetuo
348 830 438 915 vixi,
458 830 677 929 animumque
694 836 879 934 diligenter

67 946 215 1030 adverti,
230 966 270 1017 nt
284 945 414 1039 aliquid
428 944 513 1019 certi
523 946 779 1043 cognoscerem.
811 942 880 1028 Ac·

71 1061 151 1134 cidit
166 1078 283 1135 autem
296 1058 395 1145 mihi,
408 1078 448 1132 nt
456 1058 531 1157 post
541 1080 736 1155 praeturam
746 1066 789 1142 ad
797 1054 881 1140 Arn-

72 1176 231 1275 phipolin
245 1171 388 1270 gestam,
406 1173 515 1269 patria
529 1176 771 1274 annosviginti
786 1166 883 1253 exsul

74 1290 193 1363 larim:
217 1300 252 1361 e't
264 1282 361 1385 ,quod
369 1290 464 1383 apud
478 1294 644 1386 utrosque
657 1290 798 1381 fuerim,
817 1316 883 1370 nec

75 1405 184 1479 minus
194 1404 286 1499 apud
295 1401 567 1498 Peloponnesios,
575 1426 718 1504 propter
727 1408 881 1495 exilium,

79 1542 139 1616 per
158 1518 284 1602 otium,
311 1518 440 1613 aliquid
457 1518 605 1613 ipsarum
622 1542 730 1597 rerum
748 1521 883 1599 facilins

81 1632 306 1731 cognoverim.
324 1631 692 1727 'Ergocont'rovc'rfias,
706 1662 793 1733 quae
808 1634 884 1733 post

83 1748 263 1822 decennale
276 1744 406 1820 bellum
421 1744 635 1831 exstiterunt,
655 1769 690 1823 et
703 1749 886 1827 foederum

85 1862 370 1959 perturbationem
374 1870 384 1945 ,'
395 1879 430 1934 et
441 1884 494 1936 res
508 1862 668 1957 deinceps
682 1864 717 1935 in
727 1862 819 1939 bello
828 1888 886 1961 gc·

85 1974 163 2066 stae
176 1990 283 2078 prout
297 1974 411 2073 gestae
424 1972 581 2062 fuerunt,
596 1977 773 2053 enarrabo.

23 2224 24 2227 ’
141 2230 205 2297 27.
221 2202 404 2301 Postquam
418 2205 508 2280 enlm
523 2206 770 2305 quinquaginta
783 2196 888 2285 anno·

89 2341 159 2397 rom
172 2319 314 2396 foedera
328 2317 480 2417 percussa
492 2316 649 2408 fuerunt,
664 2345 700 2397 et
713 2350 793 2399 mox
806 2324 889 2399 soci·

90 2458 191 2511 etates
204 2456 240 2509 et
254 2435 452 2531 legationes,
477 2460 566 2531 quae
589 2462 633 2511 ex
652 2424 893 2535 Peloponneso

91 2554 129 2625 ad
138 2550 365 2647 haecaccitae
379 2550 529 2634 fuerant,
551 2548 809 2626 Lacedaemone
821 2547 892 2625 dis'·

91 2662 266 2749 cederunt,
289 2684 324 2738 et
343 2665 399 2737 alii
418 2666 557 2737 domurn
575 2666 746 2751 abierunt,
766 2654 894 2741 Corin-

92 2780 325 2876 thii'primnr'n'
338 2778 454 2877 Argos
476 2774 633 2875 profcdi,
653 2803 733 2853 com
750 2781 889 2879 quibus·

92 2895 162 2973 dam
186 2892 400 2992 Argivorum
423 2892 635 3003 principspns
653 2918 818 2995 egerunt,
850 2894 899 2970 ac·
