2242 3659
233 198 687 295 THUCYD.V.'10.·
809 235 863 307 ο,

37 341 51 374 ‘
76 334 169 411 titer
182 330 381 429 sequamini,
392 352 427 406 et
441 330 635 408 existimetis
648 335 730 409 boni
744 326 863 411 militis‘

44 456 56 488 ‘
77 446 167 532 esse,
183 446 285 532 velle,
307 469 342 521 et
361 446 572 531 erubescere,
591 468 627 522 et
645 449 787 523 ducibus
800 453 862 527 ob·

45 570 56 600 ‘
77 583 298 657 temperare:
328 582 430 656 atque
449 560 619 648 hodierno
635 564 691 635 die
709 562 799 649 fore,
821 586 863 639 ut

48 684 59 715 ‘
78 698 147 751 aut
160 675 356 751 libertatem
370 672 587 759 conservetis,
600 676 624 749 fi
638 700 712 750 rem
723 675 863 754 fortiter

49 799 59 827 ‘
80 786 271 889 gesseritis,
291 809 326 863 et
344 787 425 863 socii
439 786 787 881 Lacedaemoniorum
803 817 864 889 apa

51 912 62 942 ‘
81 900 865 1002 pellemini,autAthenienfiumservietquam·

54 1029 63 1059 ¹
84 1020 140 1091 vis
154 1017 282 1111 optima
297 1017 493 1091 conditione
507 1016 681 1091 vobiscum
690 1019 799 1090 astum
809 1014 869 1092 fuss

56 1142 66 1173 ‘
86 1130 168 1215 erit,
186 1132 232 1204 ita
247 1151 286 1203 ut
299 1132 335 1203 in
350 1128 547 1205 servitutem
560 1154 630 1205 non
644 1131 869 1215 abstrahami·,

57 1257 67 1287 ‘
85 1246 137 1330 ni,
153 1256 214 1317 au't
232 1244 366 1339 capitali
385 1242 550 1341 supplicio
571 1243 776 1332 afficiamini,
794 1246 864 1321 ser·

59 1371 68 1402 ‘
87 1361 236 1433 vitutem
250 1372 359 1443 tamin
373 1352 464 1459 longe
478 1358 652 1433 duriorem
665 1358 862 1459 experiami-

60 1484 70 1516 ‘
87 1470 138 1559 ni,
153 1496 257 1567 quam
271 1493 349 1545 ante
363 1472 521 1557 tuleritis,
536 1474 745 1569 caeterisque
754 1474 866 1565 Graes

62 1598 72 1629 ‘
90 1589 137 1660 cis
150 1587 394 1681 impedimento
407 1587 485 1669 fitis,
502 1612 572 1681 quo
586 1588 697 1659 minus
710 1589 747 1661 in
759 1588 865 1679 liber-¹

63 1712 74 1743 ‘
92 1720 195 1779 tatem
209 1697 405 1773 afferantur.
420 1696 702 1797 Qamobremet
716 1726 775 1776 vos
790 1726 864 1777 rem

65 1826 167 1893 ‘non¹
190 1814 362 1909 ignaviter
389 1812 527 1907 geratis,
561 1812 865 1896 animadvertentes

66 1940 75 1971 ‘
92 1928 227 2027 quantis
239 1930 289 2019 de⁴
298 1924 399 2001 rebus
413 1946 584 2000 certamen
597 1924 646 1998 fit.
675 1922 722 1997 Et
740 1948 808 2022 ego
825 1951 865 1999 ο·

66 2042 256 2125 ‘stendam,
276 2066 330 2114 me
345 2059 423 2115 eum
447 2036 610 2135 effe,·qui
629 2062 699 2111 non
712 2040 819 2135 magis
833 2036 875 2129 a?

69 2167 78 2199 ‘
96 2158 157 2231 lios
175 2152 279 2229 officii
296 2153 346 2227 sui
366 2176 532 2235 moneam,
555 2177 658 2249 quam
676 2152 747 2247 ipse
770 2151 865 2227 fastis

69 2281 78 2345 f
95 2268 258 2367 praestem
276 2270 405 2352 eadem,
427 2269 469 2342 ad
483 2290 571 2362 quae
584 2266 696 2341 verbis
714 2267 790 2341 illos
804 2271 863 2342 ad·

22 2422 26 2431 ·
70 2382 239 2457 ‘horton’

127 2522 185 2572 10.
211 2495 359 2569 Brafidas
378 2516 503 2578 autem,
532 2508 611 2568 c-um
629 2490 713 2569 haec
733 2515 865 2570 tantum

69 2610 207 2694 Met,
227 2630 301 2683 tum
319 2609 388 2683 sese
406 2610 449 2683 ad
469 2609 684 2703 eruptionem
701 2633 780 2679 cum
798 2607 865 2680 suis

9 2750 10 2757 ¹
69 2724 249 2799 faciendam
262 2724 404 2819 paravit,
424 2743 498 2796 tum
511 2721 615 2795 etiam
627 2722 789 2815 reliquos,
802 2722 868 2817 qui.

72 2864 142 2913 cum
155 2836 311 2911 elearida
326 2858 434 2923 erant,
449 2839 491 2908 ad
505 2856 735 2931 portas‚›quae
750 2834 865 2908 Thra·

71 2954 136 3027 ciac
145 2970 319 3033 vocantur,
330 2950 520 3032 collocavit,
529 2951 865 3043 ut,quemadmodum

72 3052 281 3144 constitutum
295 3062 421 3147 fuerat,
432 3062 647 3165 eruptionqm
660 3077 694 3135 et
708 3060 767 3161 ipſs
778 3061 866 3135 face·

73 3200 151 3259 rent.
167 3168 299 3265 Verum
314 3203 392 3255 cum
407 3176 476 3277 ipse
492 3172 658 3274 Brastdas
671 3174 865 3270 conspeetus
