2242 3659
265 220 709 319 THUCYD.v.5t.
808 235 886 324 165.

71 357 222 460 servitia'
240 380 318 429 cum
340 356 492 429 maximis
510 358 616 451 copiis
635 383 678 430 ex
696 358 788 431 omni
808 347 887 433 suae

73 468 220 546 ditionis
239 468 370 572 populo,
386 471 533 543 colleffis
551 470 708 544 adversus
727 470 842 569 Argos
857 473 886 545 i·

74 593 218 687 ver'unt.
237 584 311 657 Illis
324 605 439 658 autem
453 575 607 679 praeerat
622 584 709 683 Agis
720 584 887 659 Atthida·

74 699 247 798 mifllius,
262 695 610 771 Lacedaemo'niotum
620 724 690 773 rex.
709 698 887 796 Cumipfis

73 836 194 888 autem
207 816 251 886 ad
265 814 352 885 hanc
366 812 520 914 militiam
528 810 671 906 profe&
681 812 758 886 sunt
768 814 886 910 Tege·

75 936 166 1022 atae,
183 949 217 1001 et
232 928 290 999 alii
305 927 468 1031 Arcades,
483 946 653 1023 quotquot
668 948 764 999 erant
777 927 886 1017 Lace·
914 991 918 999 .

77 1044 339 1117 daemoniorum
353 1041 443 1115 socii.
471 1039 566 1113 Nam
580 1042 705 1115 caeteri
719 1040 812 1126 socii,
826 1044 886 1137 qui

78 1160 116 1231 in
141 1153 391 1251 Peloponnes0‚
411 1175 446 1228 et
465 1177 561 1227 extra
580 1155 828 1255 Peloponnefitm
852 1154 888 1229 ε’·
954 1219 956 1223 ,

79 1293 171 1355 rant,
182 1274 225 1343 ad
234 1252 431 1344 Phliuntem
439 1269 666 1371 cogebantur
659 1268 888 1343 ·Boeotorum

77 1388 240 1483 quidem,
265 1386 416 1480 quinque
436 1384 541 1460 millia
560 1387 673 1481 gravis
697 1386 905 1458 armaturae¹

80 1503 243 1584 militum,
252 1521 287 1572 et
297 1499 782 1583 totidemlevtsarmaturae‚et
791 1524 888 1595 quin

79 1616 176 1719 genti
192 1614 343 1745 equites,
347 1634 382 1687 et
395 1612 538 1714 totidem
551 1614 621 1697 alii,
632 1638 780 1708 quotum
795 1634 888 1685 tanta

80 1752 156 1835 erat
170 1728 413 1801 exercitatione
427 1704 593 1809 celeritas,
613 1747 653 1798 ut
669 1726 761 1825 jubis
781 1752 887 1822 equo·
938 1784 941 1793 .

82 1870 159 1917 rum
170 1838 483 1926 sublevat1‚cursum
493 1840 632 1912 iliorum
642 1842 895 1935 adaequarent

84 1938 348 2033 Corinthiorum
362 1980 458 2039 vero,
477 1956 548 2027 duo
569 1956 681 2051 gravis
700 1975 889 2026 armaturae

82 2073 207 2145 miliia:
234 2090 446 2143 caeterorum
460 2092 555 2155 vero,
576 2095 639 2163 pro
653 2070 818 2168 cujusque
832 2093 889 2139 co·

84 2188 139 2281 pia
153 2185 352 2279 viribu'sque
370 2208 533 2257 numerus
553 2204 637 2256 etat.
667 2184 734 2258 Sed
754 2180 889 2255 Phliasti

84 2319 161 2373 cum
175 2300 332 2372 omnibus
348 2297 413 2372 suis
427 2298 534 2392 copiis
548 2298 599 2369 ad
611 2298 698 2371 hanc
707 2296 861 2429 ‘expedit
848 2324 889 2368 zo·

85 2441 153 2488 nem
169 2414 314 2497 iverunt,
334 2414 427 2508 quod
429 2409 590 2513 sociorum
605 2414 773 2487 exercitus
787 2415 822 2485 in
838 2413 889 2509 ip·

84 2528 198 2602 sorum
212 2554 292 2631 agro
306 2524 397 2601 esset
965 2520 967 2525 ¹

142 2649 208 2735 58.
219 2643 342 2737 Argivi
353 2662 478 2725 autem,
487 2664 565 2712 cum
576 2660 657 2712 tunc
668 2638 815 2735 primum
824 2635 890 2709 La·

87 2748 891 2850 cedaemoniotumappatatumpraesenstffent‚et

87 2868 200 2965 postea
213 2854 316 2964 'qitam
330 2865 587 2942 Lacedaemonii
600 2864 802 2939 ‘Phliuntem
821 2868 891 2939 ive·

20 3065 21 3076 χ
89 3002 181 3069 tunt,
190 3004 231 3057 et
245 2992 323 3056 cum
337 2984 410 3055 aliis
424 2982 458 3087 se
474 2982 733 3079 conjungerent,
750 3002 822 3052 tum
836 2983 892 3051 de·

88 3122 180 3171 mum
194 3120 232 3170 et·
244 3097 303 3193 ipfi
316 3122 395 3170 cum
409 3097 564 3171 exercitu
579 3097 790 3191 prodierunt.
810 3092 892 3186 Ipsis
1004 3100 1008 3104 '
1099 3181 1100 3191 ἵ

90 3233 201 3287 autent
215 3212 381 3287 auxilium
402 3210 557 3285 tulerunt
573 3230 607 3285 et
626 3207 798 3285 Mantinei
818 3226 894 3275 cum

452 3322 529 3424 Ἐς
