2242 3659
245 208 698 301 nnucrnutc
813 218 872 323 'o

58 346 265 446 campolitio
283 344 437 422 facienda
456 348 653 425 ridebatur:
681 352 880 428 nec'minus

66 462 359 547 Lacedaemoniis,
368 462 600 561 virorum,qiri
618 468 654 539 iu
668 467 775 541 insula
788 468 880 565 eapti

69 581 223 663 fuerant,
239 577 513 671 recipiendorum
526 580 701 655 defiderio.
718 581 880 657 Nonnul-

70 696 95 769 li
109 695 205 769 enim
217 688 368 787 ipsorum
390 713 487 765 erant
508 715 543 767 et
565 694 736 791 Spartani,
758 718 794 771 et
815 696 880 789 riri

15 802 17 897 ξ
74 806 240 906 primarii,
256 826 290 878 et
305 825 447 901 propter
460 816 577 903 parem
589 810 791 905 dignitatem
803 829 884 886 eum

75 922 148 1019 iplis
154 917 334 1021 primariis
343 922 547 1016 cognatione
558 924 742 1021 conjundli.
751 924 883 1025 Quum·

15 1080 16 1085 =
78 1037 195 1111 obrem
210 1035 311 1107 etiam
326 1032 435 1109 statim
454 1034 528 1131 post
548 1034 637 1132 ipsos
651 1060 766 1134 captos
780 1063 883 1136 agere

73 1166 278 1247 coeperant:
305 1148 363 1221 sed
377 1144 617 1236 Athenienses,
636 1155 731 1249 quod
745 1178 819 1228 rem
832 1152 886 1228 fe-

15 1274 16 1303 ³
80 1266 190 1339 liciter
204 1284 379 1360 gererent,
398 1263 528 1339 bellum
546 1267 663 1362 aequis
681 1268 887 1343 conditioni·

15 1382 16 1425 ἶ
83 1381 143 1453 bus
160 1379 315 1453 nondum
333 1378 504 1473 deponere
523 1381 695 1456 volebantt
721 1382 790 1457 Sed
807 1408 887 1457 cum

86 1495 141 1591 ipfi
163 1494 293 1567 cladem
312 1492 354 1565 ad
373 1491 519 1567 Delium
536 1494 749 1591 accepissent,
768 1497 889 1573 confe-

88 1607 159 1682 stim
172 1606 448 1691 Lacedaemonii,-
462 1612 555 1704 qu'od
570 1610 694 1685 scir'ent
708 1632 790 1685 tunc
804 1612 890 1687 faci-

89 1724 151 1796 lius
169 1717 382 1803 admissuros,
400 1744 528 1793 annuas
546 1723 697 1796 inducias
716 1724 890 1812 fecerunt,

89 1862 147 1934 per
156 1860 302 1933 quarum
313 1856 447 1930 tempus
460 1836 643 1930 oportebat
655 1838 824 1934 colloquia
834 1842 894 1911 ha·

89 1953 206 2027 bentes
226 1952 270 2025 de
293 1950 450 2047 longiore
467 1948 568 2053 pacis
591 1972 746 2051 tempore
762 1952 896 2027 conful-

91 2087 172 2151 tare.

150 2299 214 2372 16.
225 2362 229 2373 .
241 2274 360 2371 Poliea
374 2300 458 2371 velo
472 2302 574 2393 quam
588 2318 623 2373 et
642 2300 686 2373 ad
703 2296 896 2396 Amphipo-

93 2396 140 2485 lin
153 2409 382 2485 Athenienses
394 2411 524 2487 cladem
538 2406 755 2511 acceperunt,
769 2435 805 2488 et
818 2414 898 2488 Cle·

95 2552 138 2601 uu
152 2546 187 2599 et
200 2524 350 2601 Brasrdas
368 2547 513 2604 mortem
531 2531 763 2624 oppetierunt,
782 2530 843 2623 qui
856 2530 900 2601 u·
1024 2609 1028 2616 ,

96 2642 231 2735 cunque
238 2641 311 2735 paci
321 2642 465 2715 maxime
474 2641 736 2715 adversabantur
745 2640 818 2736 (hic
826 2644 899 2737 qui·

97 2756 184 2840 dem,
199 2756 292 2849 quod
304 2778 375 2829 rem
390 2757 425 2828 in
440 2756 533 2835 bello
543 2754 694 2830 feliciter
701 2762 850 2853 gereret,
861 2767 901 2830 a'e

97 2870 243 2944 honores
253 2868 331 2944 ideo
340 2868 623 2967 consequeretur:
637 2870 697 2945 ille
706 2873 904 2968 reto,quod

99 2982 197 3057 rebus
212 2985 337 3079 pacatis
351 2984 409 3057 sna
427 2982 555 3081 flagitia
570 2983 798 3061 manifestiora
811 2984 905 3072 fure,

19 3134 22 3141 ·
99 3096 257 3193 suamque
270 3099 487 3173 autoritatem
501 3100 537 3172 in
556 3100 776 3176 obtrectando
793 3100 906 3172 immiae

17 3314 19 3323 Ι
101 3224 219 3293 dutum
233 3212 277 3287 iri
291 3213 461 3315 putatet.)
489 3234 573 3291 tunt
595 3230 680 3294 reto
699 3216 909 3309 inutraque
