2242 3659
815 4 835 7 ’·
857 2 1048 18 ···“’·γἿ-ν·τ

268 236 358 316 ω·
450 228 896 336 TH.ucYn.v.43;

265 370 351 446 haec
369 366 579 448 dicerentur,
600 364 827 465 Athenienses
846 369 1000 463 graviter
1023 374 1068 447 in.

262 481 504 577 dignabantur,
520 484 645 577 quoda
662 480 936 557 Lacedaemoniis
953 485 1067 583 injuri·
1094 476 1098 489 ’

262 620 318 671 am
333 596 395 669 sibi
413 596 488 669 fieri
508 618 680 690 putarent,
706 620 784 669 cum
803 596 847 668 ob
867 598 1067 677 everslonem

260 704 415 794 Panadi,
445 712 538 807 quod
543 712 644 807 stans
670 710 830 783 traditum
852 716 1065 804 oportuerat,

261 846 337 899 tum
350 826 444 921 quod
456 827 626 911 audirent,
637 850 686 897 eos
698 850 774 897 cum
786 824 1067 925 Boeotisquoque

261 940 457 1015 societatem
472 941 631 1036 privatim
646 937 772 1023 fecisse,
792 964 870 1013 cum
887 961 1000 1017 tamen
1013 970 1066 1016 an·

261 1076 315 1130 tea
331 1057 496 1138 dicerent,
513 1054 547 1127 se
561 1054 786 1129 communiter
805 1056 983 1129 adaduros
1001 1084 1060 1142 eos,

260 1172 321 1265 qui
334 1169 457 1244 foedus
473 1171 627 1263 recipere
636 1165 827 1243 noluissent.
841 1168 939 1243 Haec
952 1170 1062 1271 igitur,

260 1304 297 1358 et
311 1285 375 1357 alia
387 1284 653 1365 considerabant,
662 1308 887 1379 quaecunque
896 1284 1063 1359 Mardac-

259 1398 359 1473 monii
372 1426 415 1472 ex
430 1399 525 1493 pado
538 1422 608 1471 non
623 1396 849 1481 servaverant,
871 1400 959 1473 etse
980 1400 1062 1473 sran-

258 1515 303 1587 de
315 1514 563 1585 circumuentos
577 1510 819 1587 existimabant.
839 1512 969 1613 Quare
982 1517 1060 1611 lega·

256 1646 311 1699 -tos
324 1651 403 1701 cum
415 1624 587 1723 asperiore
603 1626 762 1722 responso
781 1627 994 1704 dimiserunt.

283 1789 285 1792 -
313 1768 380 1841 43.
401 1742 490 1815 Cum
504 1741 612 1837 igitur
627 1742 717 1815 inter
731 1740 1018 1820 lacedaemonios
1030 1764 1059 1817 et

256 1853 485 1931 Athenienses
498 1856 694 1955 hujusmodi
709 1854 875 1931 diffidium
889 1856 986 1944 effer,
1006 1857 1057 1933 sta·
1101 1916 1102 1919 ,

254 1971 318 2045 tint¹
335 1995 370 2046 et
384 1973 447 2055 issi,
467 1971 526 2066 qui
542 1969 690 2045 Athenis
706 1968 845 2046 foedera
859 1970 994 2048 solvere
1007 1998 1058 2045 cu·

253 2086 406 2179 piebem,
420 2088 456 2158 in
472 2087 560 2157 hanc
575 2094 648 2159 iem
663 2086 859 2173 incumbere
870 2107 1059 2184 coeperant.

253 2197 361 2273 Erant
375 2221 489 2272 autern
504 2223 583 2273 cum
601 2201 673 2284 alii,
694 2221 766 2275 tum
786 2202 887 2275 etiam
910 2202 1056 2276 Alcibia-

250 2314 311 2385 des
326 2312 459 2388 Cliniae
475 2314 579 2399 filiun,
598 2317 660 2409 qui
679 2317 830 2411 quamvis
848 2337 963 2391 aetate
982 2339 1056 2389 tunc
1101 2378 1102 2430 ᾖ

200 2493 202 2496 ,
253 2424 336 2501 essct
353 2429 466 2501 adbuc
479 2429 634 2526 juvenis',
663 2450 775 2504 tamen
794 2452 938 2527 propter
957 2433 1055 2528 majo·

250 2566 329 2623 rum
342 2544 540 2640 dignitatem
554 2544 798 2629 honorabatur,
812 2566 853 2617 ut
868 2546 980 2619 nullus
995 2542 1053 2617 ali·

250 2684 291 2750 aas
305 2660 341 2732 in
355 2660 419 2731 alia
432 2660 581 2741 civitate,
593 2660 648 2731 cui
664 2659 718 2732 vel
732 2658 834 2733 satius
849 2658 915 2735 esse
925 2661 1053 2733 videba-

251 2789 308 2859 tur
323 2776 368 2846 ad
381 2774 530 2869 Argiuos
543 2774 658 2867 potius
674 2776 849 2860 accedere,
869 2775 1049 2869 quinetiam
1101 2792 1102 2877 t

248 2890 475 2961 contentionis
488 2885 612 2970 studio,
621 2890 715 2983 quod
727 2888 818 2961 elato
835 2886 915 2963 esset
930 2890 1061 2977 animo„

237 2997 433 3097 Jbederibus
445 3002 696 3087 adversabatur,
716 3006 809 3101 quod
824 3002 1046 3080 Lacedaemo·
