2242 3659
197 197 479 279 THUCYD.
497 196 544 275 V.
569 220 759 312 to4‚1o5.
801 200 880 300 2459

70 347 86 391 ¹
100 334 232 408 accidat
241 332 557 428 diligentetcavete.
568 325 701 427 ‘Neque
710 331 883 428 plerisque

77 462 88 496 ‘
103 451 225 526 ssmiles
240 443 305 520 effe
319 444 446 528 velitis,
458 445 530 539 qui,
544 468 623 516 cum
637 446 792 520 humanis
806 447 885 520 sub-

76 564 193 638 ‘fidiis
212 558 458 634 conservandae
478 557 593 630 salutis
612 555 753 632 facultas
772 562 885 634 adhuc

78 677 181 773 tipfis
200 678 315 757 detur,
335 671 511 769 postquam
530 691 623 744 certa
642 671 715 768 spes
733 673 821 770 ipsos
840 677 886 748 ab

77 805 90 840 ‘
107 793 195 890 hoste
209 785 334 885 preffos
348 785 511 870 destituit,
532 789 576 859 ad
589 786 753 862 incertam
766 789 895 862 consui

79 919 90 958 s
107 907 222 1004 giunt,
243 905 294 975 ad
309 902 553 975 divinationem
565 899 734 984 videlicet,
754 926 793 975 ae
811 927 888 990 ota·

78 1026 91 1082 ἕ
106 1021 197 1104 cula,
213 1039 247 1092 et
262 1016 470 1117 hujusmodi,
485 1037 573 1112 quae
587 1013 645 1112 spe
659 1017 819 1113 perdunt,

146 1271 237 1344 104.
251 1245 361 1322 Mun,
376 1253 388 1298 ⁴
403 1243 481 1318 Nos
491 1244 592 1318 etiam
602 1241 683 1339 (hoc
693 1244 800 1341 probe
810 1244 892 1325 scin·
920 1253 924 1260 '

81 1377 94 1410 ‘
109 1363 169 1460 tis)
185 1363 328 1434 arduum
343 1359 481 1454 quidem
496 1355 563 1433 effe
578 1358 744 1445 ducimus,
765 1381 800 1435 et
814 1386 894 1435 cum
996 1415 999 1420 -

83 1492 95 1546 t
113 1475 222 1552 vestra
242 1475 393 1572 potentia
413 1493 446 1546 et
461 1499 538 1550 cum
553 1472 693 1560 fortuna
707 1495 851 1561 certare,
870 1472 895 1555 st
957 1460 961 1466 ’

83 1605 94 1644 ‘
112 1615 185 1665 non
200 1615 242 1664 ex
257 1613 366 1684 aequo
382 1585 429 1660 est
445 1587 612 1662 futurum.
644 1589 893 1678 Veruntamen,

83 1720 95 1770 ·‘
112 1707 207 1802 quod
218 1706 258 1777 ad
269 1702 441 1776 fortunam
452 1704 591 1797 quidem
600 1702 732 1788 attinet,
748 1729 809 1776 nos
823 1730 893 1780 non
958 1689 962 1696 ¹

85 1835 96 1880 ἕ
115 1819 297 1894 inferiores
316 1816 464 1902 futuros,
484 1815 567 1889 Deo
584 1813 734 1901 favente,
753 1816 895 1891 confidi·

86 1947 98 1980 ‘
115 1959 208 2008 mus:
227 1934 306 2028 quia
317 1931 463 2005 insontes
472 1929 565 2004 vobis
577 1931 668 2003 haud
672 1929 763 2030 juste
772 1955 833 2004 nos
843 1933 896 2004 in·

88 2062 99 2118 ,⁴
116 2049 317 2122 vadentibus
331 2043 524 2118 obsistimus.
553 2043 663 2144 Quod
677 2071 760 2119 vero
774 2046 896 2122 attinet

88 2177 101 2230 t
117 2166 160 2236 ad
170 2161 295 2260 nssrae
305 2161 475 2255 potentiae
486 2161 698 2250 tenuitatem,
708 2159 896 2260 confidimus

88 2290 101 2324 ⁴
117 2276 464 2350 Lacedaemoniorum
480 2274 672 2354 societatem
688 2274 785 2350 nobis
799 2275 896 2350 adfu-

62 2437 64 2442 ·
91 2403 103 2454 ·‘
120 2413 242 2474 turam,
257 2415 344 2484 quae
358 2389 381 2461 s1
395 2390 488 2464 nulla
503 2390 566 2462 alia
582 2415 632 2473 re,
643 2389 760 2463 saltem
774 2414 895 2486 cogua-

92 2518 103 2549 ‘
120 2507 213 2579 tione
232 2525 266 2577 et
284 2504 415 2600 pudore
429 2506 569 2577 adducta
583 2502 673 2575 nobis
689 2529 789 2599 opem
802 2504 897 2579 ferre

92 2632 272 2716 {cogetun
313 2616 435 2717 Quare
456 2643 525 2698 uou
547 2619 683 2713 penitus
704 2635 833 2694 temere
853 2619 897 2694 fic

92 2741 104 2788 ⁴
119 2737 260 2808 audaces
275 2732 398 2810 sumus.

156 2983 245 3054 105.
261 2959 367 3034 Anu.
383 2969 393 3002 ‘
408 2960 469 3036 Ne
478 2985 539 3036 uos
549 2961 687 3056 quidem
696 2959 898 3038 benevolen-

97 3088 108 3138 f
123 3077 356 3174 tiamdeorum
370 3077 466 3152 uobis
475 3074 672 3152 defuturam
684 3077 899 3181 arbitramur,
