2242 3659
208 275 216 285 ,
277 240 359 308 ηο
451 186 898 299 ΤΗΠΕΥΚῘΠΛΟ.

271 342 433 423 rantzsoii
443 364 589 437 namque
600 362 644 415 ex
654 339 750 414 sociis
760 340 986 421 Athenienses
996 372 1070 425 nom

270 464 352 535 dum
366 461 583 531 advenerant.
611 450 822 554 Argivorum
841 480 956 533 autem
974 484 1007 537 et
1021 465 1066 537 so·

268 578 400 649 ciorum
421 570 569 672 reliquus
592 570 763 642 exercitus
787 572 997 667 praesentem
1017 603 1065 652 re·

269 714 347 765 rum
365 686 487 760 statum
500 709 572 759 non
592 686 677 757 adeo
698 685 939 780 periculosum,
957 706 1001 763 'ut
1017 720 1063 764 re·

263 804 345 904 mpse
357 814 446 886 erat,
459 796 527 875 effe
540 798 697 883 ducebat,
713 798 821 873 sedin
836 799 899 875 loco
913 822 1062 899 opportu-

267 943 328 1004 no,
349 916 519 1014 proelium
537 910 744 987 commiffum
764 914 807 986 iri
828 915 1014 1003 yidebatur,
1031 942 1061 994 et

267 1029 554 1108 Lacedaemonios
574 1029 609 1101 in
629 1026 690 1099 suo
704 1054 785 1129 agro
804 1051 839 1102 et
859 1056 967 1126 prope
972 1034 1060 1131 fitam

267 1150 388 1222 orbem
402 1144 470 1244 ase
476 1143 651 1244 putabant
659 1143 917 1221 circumventos.
931 1142 979 1220 At
992 1172 1058 1221 cum

267 1263 437 1342 exercitus
445 1260 583 1359 jamjam
595 1254 701 1331 essent
715 1257 926 1344 concursuri,
945 1263 1012 1337 duo
1023 1288 1060 1335 ex

266 1374 420 1474 Argivis,
444 1370 651 1467 Thrasyllus
666 1396 686 1445 e
699 1373 851 1471 quinque
868 1376 1009 1449 ducibus
1025 1402 1059 1451 u·

264 1515 341 1574 nos,
364 1511 400 1563 et
423 1485 618 1581 Alciphron
640 1484 987 1563 Lacedaemoniorum
1005 1492 1059 1565 ho·

263 1603 350 1699 spes,
359 1604 402 1677 ad
416 1598 568 1698 Agidem
581 1597 800 1687 accefferunt,
812 1623 846 1676 et
856 1624 935 1677 cum
950 1630 990 1678 eo
1002 1604 1056 1679 ser·

262 1743 399 1795 monem
426 1716 635 1801 habuerunt,
663 1740 706 1791 ne
734 1718 903 1812 proelium
928 1718 1052 1792 faceret.
1099 1722 1100 1731 ‘

262 1832 414 1931 Argivos
426 1831 530 1915 enim,
541 1829 797 1927 fiquidArgivis
810 1830 1056 1907 Lacedaemonii
1098 1890 1099 1893 η

261 1974 396 2022 emmim
385 1949 541 2031 darent
556 1969 666 2040 aequo
680 1942 766 2019 stare
775 1946 920 2043 judicio,
940 1972 1055 2042 pacem·
1098 1896 1099 1990 i

261 2086 343 2159 que,
350 2060 547 2135 foederibus
560 2059 687 2144 istisin
702 2057 875 2154 posterum
888 2062 1056 2193 colerepo·

261 2198 352 2251 ratos
363 2170 616 2249 effedixerune.

320 2294 383 2363 60.
403 2287 522 2384 Atque
535 2289 574 2361 h1
592 2289 730 2383 quidem
745 2286 870 2385 Argivi
890 2288 985 2363 suas
981 2312 1053 2385 pon·
1096 2250 1097 2348 i

181 2452 186 2457 ·
261 2427 308 2489 te,
335 2428 406 2481 non
421 2424 535 2477 autem
557 2403 676 2497 populi
685 2400 778 2501 juffu
794 2402 878 2477 haec
892 2406 1052 2478 dixerunt.
1095 2454 1096 2526 1

260 2520 351 2593 Cum
364 2540 478 2593 autem
486 2515 586 2613 Agis,
598 2515 667 2612 ipse
670 2517 763 2615 filus
779 2518 839 2589 has
852 2520 1052 2592 conditiones

259 2631 448 2731 accepiiiet,
463 2654 498 2705 et
512 2657 557 2706 ne
571 2630 641 2726 ipse
658 2632 797 2727 quidem
809 2650 889 2705 eum
908 2633 1051 2728 pluribus
1094 2622 1095 2706 i

258 2751 300 2824 de
313 2748 369 2822 his
377 2744 604 2830 consultaffet,
612 2744 669 2827 sed
679 2770 756 2821 cum
766 2768 837 2819 uno
847 2766 989 2831 tantum,
998 2744 1051 2839 qui

258 2863 348 2936 inter
361 2862 453 2935 illius
466 2860 607 2943 militiae
629 2858 741 2935 socioo
754 2881 947 2957 praeturam
965 2882 1050 2957 gere·
1093 2844 1094 2884 ¹

256 2975 325 3056 bat,
349 2973 413 3041 has
426 2971 710 3056 communicaffet‚
729 2985 878 3071 quatuor
900 2974 1048 3049 menfium
1092 2996 1093 3064 3

253 3084 376 3159 foedus
389 3106 467 3157 cum
480 3086 553 3181 ipfis
567 3085 664 3171 fecit,
679 3087 769 3163 intra
782 3112 867 3187 quos
878 3087 1045 3185 oportebat
1091 3108 1092 3113 ¹
