<?xml version="1.0" encoding="UTF-8"?>
<!DOCTYPE html PUBLIC "-//W3C//DTD XHTML 1.0 Transitional//EN"
    "http://www.w3.org/TR/xhtml1/DTD/xhtml1-transitional.dtd">
<html xmlns="http://www.w3.org/1999/xhtml" xml:lang="en" lang="en">
 <head>
  <title>
</title>
<meta http-equiv="Content-Type" content="text/html;charset=utf-8" />
  <meta name='ocr-system' content='tesseract 3.04.00' />
  <meta name='ocr-capabilities' content='ocr_page ocr_carea ocr_par ocr_line ocrx_word'/>
</head>
<body>
  <div class='ocr_page' id='page_1' title='image "bellumpeloponne02unkngoog_0107.png"; bbox 0 0 2242 3659; ppageno 0'>
   <div class='ocr_carea' id='block_1_1' title="bbox 271 215 887 341">
    <p class='ocr_par' dir='ltr' id='par_1_1' title="bbox 271 215 887 341">
     <span class='ocr_line' id='line_1_1' title="bbox 271 215 887 341; baseline 0.006 -28"><span class='ocrx_word' id='word_1_1' title='bbox 271 233 716 341; x_wconf 56' lang='lat' dir='ltr'>rrrncrnm:</span> <span class='ocrx_word' id='word_1_2' title='bbox 755 215 780 237; x_wconf 65' lang='grc'>’“</span> <span class='ocrx_word' id='word_1_3' title='bbox 814 263 887 319; x_wconf 86' lang='lat'>101·</span> 
     </span>
    </p>
   </div>
   <div class='ocr_carea' id='block_1_2' title="bbox 85 362 996 3079">
    <p class='ocr_par' dir='ltr' id='par_1_2' title="bbox 85 362 996 3079">
     <span class='ocr_line' id='line_1_2' title="bbox 92 362 893 461; baseline -0.001 -21"><span class='ocrx_word' id='word_1_4' title='bbox 92 362 275 461; x_wconf 78' lang='lat' dir='ltr'>obtigerat,</span> <span class='ocrx_word' id='word_1_5' title='bbox 299 382 339 435; x_wconf 89' lang='lat' dir='ltr'>ut</span> <span class='ocrx_word' id='word_1_6' title='bbox 357 362 488 457; x_wconf 84' lang='lat' dir='ltr'>priores</span> <span class='ocrx_word' id='word_1_7' title='bbox 507 366 699 449; x_wconf 81' lang='lat' dir='ltr'>redderent,</span> <span class='ocrx_word' id='word_1_8' title='bbox 725 387 787 439; x_wconf 85' lang='lat' dir='ltr'>nec</span> <span class='ocrx_word' id='word_1_9' title='bbox 806 364 893 439; x_wconf 63' lang='lat' dir='ltr'>Am«</span> 
     </span>
     <span class='ocr_line' id='line_1_3' title="bbox 92 478 891 574; baseline 0.004 -25"><span class='ocrx_word' id='word_1_10' title='bbox 92 478 262 574; x_wconf 90' lang='lat' dir='ltr'>phipolin,</span> <span class='ocrx_word' id='word_1_11' title='bbox 282 501 344 549; x_wconf 92' lang='lat' dir='ltr'>nec</span> <span class='ocrx_word' id='word_1_12' title='bbox 358 497 490 550; x_wconf 86' lang='lat' dir='ltr'>caetera</span> <span class='ocrx_word' id='word_1_13' title='bbox 508 478 741 567; x_wconf 85' lang='lat' dir='ltr'>reddiderant;</span> <span class='ocrx_word' id='word_1_14' title='bbox 761 504 823 553; x_wconf 87' lang='lat' dir='ltr'>nec</span> <span class='ocrx_word' id='word_1_15' title='bbox 838 478 891 553; x_wconf 86' lang='lat' dir='ltr'>so-</span> 
     </span>
     <span class='ocr_line' id='line_1_4' title="bbox 90 590 889 686; baseline 0.003 -23"><span class='ocrx_word' id='word_1_16' title='bbox 90 591 247 686; x_wconf 84' lang='lat' dir='ltr'>cios„qni</span> <span class='ocrx_word' id='word_1_17' title='bbox 262 611 358 670; x_wconf 80' lang='lat' dir='ltr'>erant</span> <span class='ocrx_word' id='word_1_18' title='bbox 372 590 407 661; x_wconf 90' lang='lat' dir='ltr'>in</span> <span class='ocrx_word' id='word_1_19' title='bbox 422 590 588 675; x_wconf 76' lang='lat' dir='ltr'>Threcia,</span> <span class='ocrx_word' id='word_1_20' title='bbox 599 594 641 663; x_wconf 87' lang='lat' dir='ltr'>ad</span> <span class='ocrx_word' id='word_1_21' title='bbox 653 590 792 669; x_wconf 75' lang='lat' dir='ltr'>foedera</span> <span class='ocrx_word' id='word_1_22' title='bbox 808 593 889 665; x_wconf 89' lang='lat' dir='ltr'>reci·</span> 
     </span>
     <span class='ocr_line' id='line_1_5' title="bbox 88 704 887 801; baseline 0.003 -24"><span class='ocrx_word' id='word_1_23' title='bbox 88 704 213 801; x_wconf 85' lang='lat' dir='ltr'>pienda</span> <span class='ocrx_word' id='word_1_24' title='bbox 232 706 428 799; x_wconf 83' lang='lat' dir='ltr'>adegerant,</span> <span class='ocrx_word' id='word_1_25' title='bbox 455 727 493 775; x_wconf 89' lang='lat' dir='ltr'>ac</span> <span class='ocrx_word' id='word_1_26' title='bbox 510 728 555 777; x_wconf 89' lang='lat' dir='ltr'>ne</span> <span class='ocrx_word' id='word_1_27' title='bbox 574 704 719 779; x_wconf 86' lang='lat' dir='ltr'>Boeotos</span> <span class='ocrx_word' id='word_1_28' title='bbox 737 706 887 800; x_wconf 87' lang='lat' dir='ltr'>quidem,</span> 
     </span>
     <span class='ocr_line' id='line_1_6' title="bbox 87 818 887 913; baseline 0.003 -22"><span class='ocrx_word' id='word_1_29' title='bbox 87 842 202 913; x_wconf 86' lang='lat' dir='ltr'>neque</span> <span class='ocrx_word' id='word_1_30' title='bbox 218 818 428 899; x_wconf 79' lang='lat' dir='ltr'>Corinthios,</span> <span class='ocrx_word' id='word_1_31' title='bbox 447 819 599 911; x_wconf 79' lang='lat' dir='ltr'>quamtis</span> <span class='ocrx_word' id='word_1_32' title='bbox 617 840 783 913; x_wconf 88' lang='lat' dir='ltr'>perpetuo</span> <span class='ocrx_word' id='word_1_33' title='bbox 796 821 887 893; x_wconf 90' lang='lat' dir='ltr'>dice·</span> 
     </span>
     <span class='ocr_line' id='line_1_7' title="bbox 89 930 887 1029; baseline 0.001 -25"><span class='ocrx_word' id='word_1_34' title='bbox 89 954 179 1015; x_wconf 87' lang='lat' dir='ltr'>rent,</span> <span class='ocrx_word' id='word_1_35' title='bbox 198 931 246 1015; x_wconf 87' lang='lat' dir='ltr'>se,</span> <span class='ocrx_word' id='word_1_36' title='bbox 274 930 334 1005; x_wconf 84' lang='lat' dir='ltr'>nisi</span> <span class='ocrx_word' id='word_1_37' title='bbox 340 932 484 1026; x_wconf 85' lang='lat' dir='ltr'>foedera</span> <span class='ocrx_word' id='word_1_38' title='bbox 502 930 643 1029; x_wconf 78' lang='lat' dir='ltr'>rect&#39;pm</span> <span class='ocrx_word' id='word_1_39' title='bbox 662 932 800 1015; x_wconf 81' lang='lat' dir='ltr'>vellent,</span> <span class='ocrx_word' id='word_1_40' title='bbox 821 958 887 1007; x_wconf 88' lang='lat' dir='ltr'>una</span> 
     </span>
     <span class='ocr_line' id='line_1_8' title="bbox 90 1044 896 1140; baseline -0.002 -21"><span class='ocrx_word' id='word_1_41' title='bbox 90 1062 166 1119; x_wconf 82' lang='lat' dir='ltr'>eum</span> <span class='ocrx_word' id='word_1_42' title='bbox 180 1044 443 1119; x_wconf 71' lang='lat' dir='ltr'>Atheniensibus</span> <span class='ocrx_word' id='word_1_43' title='bbox 457 1069 515 1118; x_wconf 89' lang='lat' dir='ltr'>eos</span> <span class='ocrx_word' id='word_1_44' title='bbox 529 1046 720 1119; x_wconf 76' lang='lat' dir='ltr'>eoasinros:</span> <span class='ocrx_word' id='word_1_45' title='bbox 741 1066 896 1140; x_wconf 28' lang='lat' dir='ltr'>tempus-t</span> 
     </span>
     <span class='ocr_line' id='line_1_9' title="bbox 90 1156 888 1255; baseline 0 -22"><span class='ocrx_word' id='word_1_46' title='bbox 90 1184 158 1255; x_wconf 88' lang='lat' dir='ltr'>qne</span> <span class='ocrx_word' id='word_1_47' title='bbox 179 1158 249 1232; x_wconf 89' lang='lat' dir='ltr'>sine</span> <span class='ocrx_word' id='word_1_48' title='bbox 272 1157 463 1253; x_wconf 82' lang='lat' dir='ltr'>syngrapha</span> <span class='ocrx_word' id='word_1_49' title='bbox 486 1156 766 1254; x_wconf 84' lang='lat' dir='ltr'>praestituerant,</span> <span class='ocrx_word' id='word_1_50' title='bbox 800 1160 888 1233; x_wconf 88' lang='lat' dir='ltr'>intra</span> 
     </span>
     <span class='ocr_line' id='line_1_10' title="bbox 89 1270 888 1370; baseline -0.001 -25"><span class='ocrx_word' id='word_1_51' title='bbox 89 1274 192 1369; x_wconf 86' lang='lat' dir='ltr'>qnod,</span> <span class='ocrx_word' id='word_1_52' title='bbox 204 1273 263 1367; x_wconf 90' lang='lat' dir='ltr'>qni</span> <span class='ocrx_word' id='word_1_53' title='bbox 278 1270 416 1345; x_wconf 88' lang='lat' dir='ltr'>foedera</span> <span class='ocrx_word' id='word_1_54' title='bbox 418 1274 528 1370; x_wconf 79' lang='lat' dir='ltr'><em>stcum</em></span> <span class='ocrx_word' id='word_1_55' title='bbox 537 1298 607 1345; x_wconf 89' lang='lat' dir='ltr'>non</span> <span class='ocrx_word' id='word_1_56' title='bbox 622 1270 779 1357; x_wconf 85' lang='lat' dir='ltr'>iniissent,</span> <span class='ocrx_word' id='word_1_57' title='bbox 789 1272 888 1346; x_wconf 73' lang='lat' dir='ltr'>utris.</span> 
     </span>
     <span class='ocr_line' id='line_1_11' title="bbox 90 1383 887 1484; baseline 0 -26"><span class='ocrx_word' id='word_1_58' title='bbox 90 1412 157 1482; x_wconf 87' lang='lat' dir='ltr'>qne</span> <span class='ocrx_word' id='word_1_59' title='bbox 170 1384 283 1469; x_wconf 77' lang='lat' dir='ltr'>hostes</span> <span class='ocrx_word' id='word_1_60' title='bbox 296 1383 362 1459; x_wconf 79' lang='lat' dir='ltr'>effe</span> <span class='ocrx_word' id='word_1_61' title='bbox 371 1385 643 1484; x_wconf 70' lang='lat' dir='ltr'>pronunciarent.</span> <span class='ocrx_word' id='word_1_62' title='bbox 672 1386 764 1461; x_wconf 86' lang='lat' dir='ltr'>Cum</span> <span class='ocrx_word' id='word_1_63' title='bbox 780 1388 887 1484; x_wconf 82' lang='lat' dir='ltr'>igitur</span> 
     </span>
     <span class='ocr_line' id='line_1_12' title="bbox 90 1498 885 1595; baseline -0.001 -21"><span class='ocrx_word' id='word_1_64' title='bbox 90 1499 315 1574; x_wconf 81' lang='lat' dir='ltr'>Athenienses</span> <span class='ocrx_word' id='word_1_65' title='bbox 336 1500 423 1573; x_wconf 89' lang='lat' dir='ltr'>nihil</span> <span class='ocrx_word' id='word_1_66' title='bbox 444 1502 569 1573; x_wconf 87' lang='lat' dir='ltr'>horum</span> <span class='ocrx_word' id='word_1_67' title='bbox 592 1503 636 1577; x_wconf 80' lang='lat' dir='ltr'>&#39;ab</span> <span class='ocrx_word' id='word_1_68' title='bbox 658 1498 788 1587; x_wconf 79' lang='lat' dir='ltr'>illisne</span> <span class='ocrx_word' id='word_1_69' title='bbox 816 1500 885 1595; x_wconf 88' lang='lat' dir='ltr'>ipsa</span> 
     </span>
     <span class='ocr_line' id='line_1_13' title="bbox 89 1612 895 1709; baseline -0.009 -21"><span class='ocrx_word' id='word_1_70' title='bbox 89 1612 248 1709; x_wconf 80' lang='lat' dir='ltr'>praestari</span> <span class='ocrx_word' id='word_1_71' title='bbox 262 1613 427 1697; x_wconf 85' lang='lat' dir='ltr'>viderent,</span> <span class='ocrx_word' id='word_1_72' title='bbox 437 1612 719 1697; x_wconf 83' lang='lat' dir='ltr'>Lacedaemonios</span> <span class='ocrx_word' id='word_1_73' title='bbox 732 1615 818 1687; x_wconf 89' lang='lat' dir='ltr'>nihil</span> <span class='ocrx_word' id='word_1_74' title='bbox 833 1640 895 1691; x_wconf 84' lang='lat' dir='ltr'>ae·.</span> 
     </span>
     <span class='ocr_line' id='line_1_14' title="bbox 89 1724 885 1824; baseline -0.003 -23"><span class='ocrx_word' id='word_1_75' title='bbox 89 1730 146 1823; x_wconf 77' lang='lat' dir='ltr'>qni</span> <span class='ocrx_word' id='word_1_76' title='bbox 159 1729 272 1801; x_wconf 84' lang='lat' dir='ltr'>animo</span> <span class='ocrx_word' id='word_1_77' title='bbox 286 1727 415 1821; x_wconf 86' lang='lat' dir='ltr'>agitare</span> <span class='ocrx_word' id='word_1_78' title='bbox 428 1724 686 1821; x_wconf 73' lang='lat' dir='ltr'>suspicabantur.</span> <span class='ocrx_word' id='word_1_79' title='bbox 706 1726 885 1824; x_wconf 77' lang='lat' dir='ltr'>Qamob·</span> 
     </span>
     <span class='ocr_line' id='line_1_15' title="bbox 89 1830 884 1937; baseline -0.001 -24"><span class='ocrx_word' id='word_1_80' title='bbox 89 1867 158 1915; x_wconf 91' lang='lat' dir='ltr'>rem</span> <span class='ocrx_word' id='word_1_81' title='bbox 173 1840 248 1937; x_wconf 88' lang='lat' dir='ltr'>ipfis</span> <span class='ocrx_word' id='word_1_82' title='bbox 265 1836 389 1936; x_wconf 87' lang='lat' dir='ltr'><strong>Pylum</strong></span> <span class='ocrx_word' id='word_1_83' title='bbox 408 1830 638 1935; x_wconf 80' lang='lat' dir='ltr'>repetentibus</span> <span class='ocrx_word' id='word_1_84' title='bbox 662 1842 804 1925; x_wconf 86' lang='lat' dir='ltr'>reddere</span> <span class='ocrx_word' id='word_1_85' title='bbox 824 1864 884 1912; x_wconf 91' lang='lat' dir='ltr'>no·</span> 
     </span>
     <span class='ocr_line' id='line_1_16' title="bbox 89 1944 996 2049; baseline -0.002 -20"><span class='ocrx_word' id='word_1_86' title='bbox 89 1953 885 2049; x_wconf 82' lang='lat' dir='ltr'>luerunt,quinetiameospoenitebat,quodcap·.</span> <span class='ocrx_word' id='word_1_87' title='bbox 993 1944 996 1959; x_wconf 80' lang='grc'><strong>’</strong></span> 
     </span>
     <span class='ocr_line' id='line_1_17' title="bbox 88 2065 888 2163; baseline -0.004 -21"><span class='ocrx_word' id='word_1_88' title='bbox 88 2070 173 2144; x_wconf 78' lang='lat' dir='ltr'>rivos</span> <span class='ocrx_word' id='word_1_89' title='bbox 183 2094 228 2143; x_wconf 87' lang='lat' dir='ltr'>ex</span> <span class='ocrx_word' id='word_1_90' title='bbox 238 2067 342 2139; x_wconf 88' lang='lat' dir='ltr'>insula</span> <span class='ocrx_word' id='word_1_91' title='bbox 353 2065 578 2154; x_wconf 78' lang='lat' dir='ltr'>reddidissent.</span> <span class='ocrx_word' id='word_1_92' title='bbox 593 2067 802 2163; x_wconf 88' lang='lat' dir='ltr'>Caeteraqne</span> <span class='ocrx_word' id='word_1_93' title='bbox 812 2067 888 2139; x_wconf 47' lang='lat' dir='ltr'>La*</span> 
     </span>
     <span class='ocr_line' id='line_1_18' title="bbox 86 2180 888 2276; baseline 0 -19"><span class='ocrx_word' id='word_1_94' title='bbox 86 2180 355 2261; x_wconf 80' lang='lat' dir='ltr'>cedaemoniorum</span> <span class='ocrx_word' id='word_1_95' title='bbox 365 2182 437 2254; x_wconf 86' lang='lat' dir='ltr'>loca</span> <span class='ocrx_word' id='word_1_96' title='bbox 448 2182 650 2268; x_wconf 85' lang='lat' dir='ltr'>retinebant,</span> <span class='ocrx_word' id='word_1_97' title='bbox 659 2180 888 2276; x_wconf 75' lang='lat' dir='ltr'>exspesinntes</span> 
     </span>
     <span class='ocr_line' id='line_1_19' title="bbox 86 2293 887 2399; baseline -0.005 -26"><span class='ocrx_word' id='word_1_98' title='bbox 86 2301 194 2381; x_wconf 86' lang='lat' dir='ltr'>donec</span> <span class='ocrx_word' id='word_1_99' title='bbox 210 2316 246 2369; x_wconf 92' lang='lat' dir='ltr'>et</span> <span class='ocrx_word' id='word_1_100' title='bbox 259 2295 309 2370; x_wconf 89' lang='lat' dir='ltr'>illi</span> <span class='ocrx_word' id='word_1_101' title='bbox 325 2293 541 2391; x_wconf 83' lang='lat' dir='ltr'>praestarent,</span> <span class='ocrx_word' id='word_1_102' title='bbox 553 2320 639 2389; x_wconf 87' lang='lat' dir='ltr'>quae</span> <span class='ocrx_word' id='word_1_103' title='bbox 653 2296 887 2399; x_wconf 72' lang='lat' dir='ltr'>promiserant.</span> 
     </span>
     <span class='ocr_line' id='line_1_20' title="bbox 85 2406 882 2503; baseline -0.001 -20"><span class='ocrx_word' id='word_1_104' title='bbox 85 2410 345 2488; x_wconf 85' lang='lat' dir='ltr'>Lacedaemonii</span> <span class='ocrx_word' id='word_1_105' title='bbox 360 2434 442 2493; x_wconf 72' lang='lat' dir='ltr'>repo</span> <span class='ocrx_word' id='word_1_106' title='bbox 455 2410 621 2493; x_wconf 87' lang='lat' dir='ltr'>dicebant,</span> <span class='ocrx_word' id='word_1_107' title='bbox 632 2406 882 2503; x_wconf 81' lang='lat' dir='ltr'>sepraestitisse,</span> 
     </span>
     <span class='ocr_line' id='line_1_21' title="bbox 86 2521 884 2620; baseline -0.003 -23"><span class='ocrx_word' id='word_1_108' title='bbox 86 2547 174 2620; x_wconf 76' lang='lat' dir='ltr'>qnae</span> <span class='ocrx_word' id='word_1_109' title='bbox 188 2542 355 2619; x_wconf 89' lang='lat' dir='ltr'>poterant.</span> <span class='ocrx_word' id='word_1_110' title='bbox 374 2522 418 2598; x_wconf 80' lang='lat' dir='ltr'>se</span> <span class='ocrx_word' id='word_1_111' title='bbox 433 2523 522 2595; x_wconf 89' lang='lat' dir='ltr'>enim</span> <span class='ocrx_word' id='word_1_112' title='bbox 536 2521 795 2597; x_wconf 83' lang='lat' dir='ltr'>Atheniensrbus</span> <span class='ocrx_word' id='word_1_113' title='bbox 811 2524 884 2595; x_wconf 87' lang='lat' dir='ltr'>red·</span> 
     </span>
     <span class='ocr_line' id='line_1_22' title="bbox 86 2635 884 2731; baseline -0.004 -21"><span class='ocrx_word' id='word_1_114' title='bbox 86 2637 206 2715; x_wconf 82' lang='lat' dir='ltr'>didisse</span> <span class='ocrx_word' id='word_1_115' title='bbox 220 2660 347 2721; x_wconf 87' lang='lat' dir='ltr'>omnes,</span> <span class='ocrx_word' id='word_1_116' title='bbox 366 2660 451 2731; x_wconf 91' lang='lat' dir='ltr'>quos</span> <span class='ocrx_word' id='word_1_117' title='bbox 464 2660 508 2707; x_wconf 83' lang='lat' dir='ltr'>ex</span> <span class='ocrx_word' id='word_1_118' title='bbox 522 2635 596 2730; x_wconf 83' lang='lat' dir='ltr'>ipsrs</span> <span class='ocrx_word' id='word_1_119' title='bbox 609 2638 698 2730; x_wconf 88' lang='lat' dir='ltr'>apud</span> <span class='ocrx_word' id='word_1_120' title='bbox 713 2635 795 2709; x_wconf 86' lang='lat' dir='ltr'>sein</span> <span class='ocrx_word' id='word_1_121' title='bbox 811 2636 884 2707; x_wconf 83' lang='lat' dir='ltr'>rin·</span> 
     </span>
     <span class='ocr_line' id='line_1_23' title="bbox 86 2749 884 2845; baseline -0.001 -21"><span class='ocrx_word' id='word_1_122' title='bbox 86 2754 171 2825; x_wconf 84' lang='lat' dir='ltr'>culis</span> <span class='ocrx_word' id='word_1_123' title='bbox 183 2750 363 2835; x_wconf 83' lang='lat' dir='ltr'>habehant,</span> <span class='ocrx_word' id='word_1_124' title='bbox 371 2769 406 2823; x_wconf 88' lang='lat' dir='ltr'>et</span> <span class='ocrx_word' id='word_1_125' title='bbox 416 2750 611 2845; x_wconf 83' lang='lat' dir='ltr'>milites,qui</span> <span class='ocrx_word' id='word_1_126' title='bbox 621 2771 717 2823; x_wconf 86' lang='lat' dir='ltr'>erant</span> <span class='ocrx_word' id='word_1_127' title='bbox 727 2749 761 2821; x_wconf 90' lang='lat' dir='ltr'>in</span> <span class='ocrx_word' id='word_1_128' title='bbox 770 2749 884 2823; x_wconf 66' lang='lat' dir='ltr'>Thra·</span> 
     </span>
     <span class='ocr_line' id='line_1_24' title="bbox 87 2861 953 2959; baseline 0 -20"><span class='ocrx_word' id='word_1_129' title='bbox 87 2867 149 2949; x_wconf 73' lang='lat' dir='ltr'>ch,</span> <span class='ocrx_word' id='word_1_130' title='bbox 163 2861 348 2947; x_wconf 77' lang='lat' dir='ltr'>abduxisse,</span> <span class='ocrx_word' id='word_1_131' title='bbox 367 2863 439 2937; x_wconf 88' lang='lat' dir='ltr'>etsi</span> <span class='ocrx_word' id='word_1_132' title='bbox 452 2864 537 2959; x_wconf 90' lang='lat' dir='ltr'>qnid</span> <span class='ocrx_word' id='word_1_133' title='bbox 554 2862 647 2949; x_wconf 79' lang='lat' dir='ltr'>aliud</span> <span class='ocrx_word' id='word_1_134' title='bbox 666 2863 701 2936; x_wconf 92' lang='lat' dir='ltr'>in</span> <span class='ocrx_word' id='word_1_135' title='bbox 716 2862 772 2937; x_wconf 84' lang='lat' dir='ltr'>sua</span> <span class='ocrx_word' id='word_1_136' title='bbox 787 2884 882 2959; x_wconf 81' lang='lat' dir='ltr'>pote·</span> <span class='ocrx_word' id='word_1_137' title='bbox 948 2936 953 2953; x_wconf 71' lang='lat'>,</span> 
     </span>
     <span class='ocr_line' id='line_1_25' title="bbox 88 2975 883 3079; baseline 0.004 -29"><span class='ocrx_word' id='word_1_138' title='bbox 88 2976 170 3062; x_wconf 70' lang='lat' dir='ltr'>state</span> <span class='ocrx_word' id='word_1_139' title='bbox 183 2977 361 3053; x_wconf 81' lang='lat' dir='ltr'>habebant.</span> <span class='ocrx_word' id='word_1_140' title='bbox 381 2976 447 3052; x_wconf 88' lang='lat' dir='ltr'>Sed</span> <span class='ocrx_word' id='word_1_141' title='bbox 462 2975 688 3077; x_wconf 90' lang='lat' dir='ltr'>Amphipolin</span> <span class='ocrx_word' id='word_1_142' title='bbox 702 2979 738 3074; x_wconf 84' lang='lat' dir='ltr'>in</span> <span class='ocrx_word' id='word_1_143' title='bbox 751 2976 883 3079; x_wconf 69' lang='lat' dir='ltr'>stapo-</span> 
     </span>
    </p>
   </div>
   <div class='ocr_carea' id='block_1_3' title="bbox 0 0 1126 3659">
    <p class='ocr_par' dir='ltr' id='par_1_3' title="bbox 0 0 1126 3659">
     <span class='ocr_line' id='line_1_26' title="bbox 0 0 1126 3659; baseline 0 1"><span class='ocrx_word' id='word_1_144' title='bbox 0 0 1126 3659; x_wconf 95' lang='lat' dir='ltr'> </span> 
     </span>
    </p>
   </div>
  </div>
 </body>
</html>
