2242 3659
235 189 690 303 mmmm-73.-
778 225 866 301 205:

51 315 144 409 sunt,-
159 320 254 394 {insul
269 307 369 396 etiam
379 316 724 400 Lacedaemoniorum
734 313 772 400 ac
782 329 822 401 T
823 354 860 403 e·

52 451 252 536 gaeatarum
261 439 418 510 dextrum
429 463 523 510 cornu
534 427 710 534 superante
720 441 871 517 suorum.

53 553 153 648 copia
169 549 394 624 Athenienses
408 553 644 625 circumdabat.
663 554 708 648 Et
721 559 858 651 pericu·

54 669 127 740 lum
144 666 232 760 ipsos
245 665 407 759 utrinque
421 663 651 751 circumstetit,
669 672 763 764 quod
777 672 859 745 hinc
914 751 919 759 ,

55 781 196 877 quidem
225 779 269 850 ab
294 779 379 876 hoste¹
400 779 743 868 circumvenirentur,
763 784 859 858 illinc

56 920 141 968 vero
160 895 231 992 jam
251 890 355 966 essent
374 893 460 964 viui.
489 892 535 965 Et
554 914 690 989 praeter
701 885 859 972 'caeteros

56 1033 188 1090 omnes,
199 1007 256 1102 qui
273 1027 369 1079 etant
383 1008 418 1079 in
429 1009 593 1092 exercitu,
605 1007 781 1083 maximam
795 1014 860 1084 cia·-

57 1125 136 1196 dem
156 1117 368 1215 accepissent,
387 1121 446 1192 nifi
465 1123 609 1216 equites,
628 1125 687 1219 qui
707 1127 858 1212 aderant,

57 1237 132 1331 ipfis
147 1235 274 1307 auxilio
287 1230 435 1308 fuissent.
453 1233 591 1308 Accidit
600 1239 701 1311 etiam
710 1259 749 1311 ut
759 1237 859 1336 Agis,

57 1376 135 1424 cum
154 1347 319 1422 sinistrum
337 1347 475 1420 suorum
493 1349 681 1435 Mantineis
700 1375 735 1426 et
753 1344 860 1449 Argi*

57 1489 180 1538 vorum
208 1463 301 1536 mille
329 1462 461 1535 desedit
488 1466 676 1560 oppositum
704 1469 859 1542 laborare
973 1487 976 1492 ·

58 1572 280 1675 cognovisset,
290 1574 447 1647 universo
457 1581 620 1657 exercitui
635 1584 858 1677 praeciperet,

58 1715 96 1765 ut
111 1691 270 1784 tenderet
284 1690 326 1760 ad
336 1713 443 1770 cornu,
455 1694 546 1784 qnod
556 1693 762 1766 vincebatur.
777 1695 860 1768 Hoc

58 1827 173 1878 autem
193 1801 293 1885 fado,
316 1799 541 1880 Athenienses
561 1805 698 1898 quidem
718 1809 861 1893 interea,

59 1945 137 1994 cum
157 1908 484 1990 Lacedaemoniorum
504 1919 671 1991 exercitus
697 1924 861 2016 praeteri·

60 2031 147 2123 iffet,
161 2057 199 2104 ac
213 2032 255 2104 ab
270 2031 342 2126 ipfis
356 2030 559 2116 declinasset,
581 2059 644 2128 per
657 2036 766 2118 otium·
786 2061 861 2110 evas

61 2148 189 2231 setunt,
214 2166 248 2218 et
266 2169 333 2217 una
352 2170 430 2218 cum
448 2146 521 2240 ipfis
539 2140 676 2243 Argivi,
700 2153 759 2245 qni
782 2153 859 2239 vidi
883 2197 887 2202 ν

62 2261 208 2338 fuerant.
236 2260 422 2332 Mantincis
436 2285 529 2345 vero,
551 2283 736 2358 eorumque
750 2265 861 2350 sociis,

63 2398 97 2450 et
111 2374 203 2447 mille
213 2372 421 2468 Argivorum
430 2375 566 2448 delesiis
578 2401 646 2448 non
661 2381 803 2474 amplius
817 2383 860 2453 ad

64 2487 252 2562 instandum
267 2485 417 2559 hostibus
431 2490 560 2561 animus
575 2512 664 2563 erat:
692 2491 761 2576 sed,
782 2516 860 2565 cum

63 2624 98 2676 et
111 2602 187 2674 suos
198 2602 275 2696 jam
290 2600 498 2697 profligatos,
523 2625 557 2675 et
576 2603 864 2678 Lacedaemonios

64 2738 179 2790 contra
194 2714 227 2788 se
244 2718 418 2796 tendentes
431 2717 746 2801 animadverterent,
757 2709 792 2793 iu
806 2717 861 2792 fu·
880 2782 888 2791 ..

64 2855 141 2926 gam
155 2829 187 2902 se
201 2832 427 2928 conjecerunt.
454 2828 500 2901 Et
513 2831 770 2907 Mantineorum
783 2836 862 2929 quia

65 2947 139 3020 dem
153 2945 307 3042 plerique
317 2944 398 3020 caefi
407 2942 566 3019 fuerunt:-
586 2939 796 3044 Arginusam
805 2973 859 3025 ue⁴
