2242 3659
228 135 231 142 ¹
274 167 720 296 'sammaa'
818 203 888 276 aar

81 319 136 397 ira
151 321 318 418 protinus,
335 345 469 420 praeter
480 323 577 398 suum
586 349 727 408 morem,
738 342 773 398 et
786 323 830 399 de
845 328 894 420 ip
921 373 927 378 ἡ

81 437 149 510 saus
162 439 266 524 domo
280 439 456 523 diruenda,
469 459 507 512 et
520 441 564 512 de
578 438 652 533 ipso
665 459 803 512 centum
816 440 891 512 mil·
1008 487 1012 497 ·

80 552 176 624 libus
198 551 435 636 drachmarum
458 554 635 626 multando
648 553 891 629 deliberabant.

80 663 153 738 Ille
167 667 252 739 r'ero
265 666 521 760 deprecabatur,
540 689 585 738 ne
603 667 686 762 quid
700 665 824 740 horum
836 665 890 739 fa·

79 798 213 854 terent.
230 778 264 853 se
279 781 381 863 enim,
396 779 612 876 expeditione
626 778 788 876 suscepta,
803 780 888 854 forti

79 893 202 990 aliquo
215 889 367 968 facinore
380 894 521 968 crimina
534 893 593 966 fibi
613 893 740 992 objeda
758 895 888 982 dilutu-

79 1033 181 1098 rum3
200 1026 272 1091 aut,
287 1004 580 1106 nfipraestitifflt,
590 1028 672 1080 tunc
682 1006 786 1103 ipsos,
796 1011 889 1102 quic·

78 1123 169 1218 ¹quid
187 1121 341 1205 mellent,
365 1120 524 1202 faduros.
564 1120 624 1195 Illi
643 1146 764 1201 veroa
781 1123 890 1194 multa

78 1238 225 1331 quidem
240 1236 432 1332 irroganda,
452 1256 487 1310 et
501 1235 544 1310 ab
561 1235 701 1315 aedibus
714 1237 889 1351 diruendis

78 1350 341 1440 abstinuerunt3
366 1350 478 1446 legem
492 1373 575 1424 vero
589 1364 690 1434 tunc,'
699 1375 787 1446 quae
800 1376 889 1428 nura·

77 1489 185 1560 quam
199 1484 278 1536 ante
291 1466 380 1560 apud
393 1462 482 1558 ipsos
491 1461 618 1548 fuerat,
633 1466 796 1539 tulerunt.
816 1463 888 1538 De·

77 1603 158 1654 cem
173 1579 263 1650 enim
277 1578 368 1650 viros
382 1567 564 1672 Spartanos
582 1601 756 1674 praeterea
774 1580 888 1675 elege-

78 1715 186 1776 runt,
211 1713 296 1787 quos
315 1691 374 1788 ipfi
392 1690 595 1765 confiliarios
613 1694 801 1776 dederunt,
820 1693 888 1765 fine

76 1807 209 1902 quibus
221 1805 281 1902 ipfi
295 1805 483 1880 exercitum
497 1830 541 1878 ex
554 1803 640 1878 urbe
659 1807 804 1878 educere
817 1831 887 1880 non

78 1922 215 1996 liceret.
490 1927 494 1936 '

79 2082 83 2094 ·
145 2041 209 2132 64.
229 2033 366 2110 Interea
380 2059 464 2110 vero
476 2036 616 2110 nuntius
630 2034 673 2108 ab
686 2033 800 2107 amicis
814 2032 854 2106 T
855 2059 887 2108 e·

76 2152 193 2246 geatis
207 2150 249 2222 ad
264 2146 351 2244 ipsos
364 2149 484 2225 allatus
498 2147 559 2233 est,
580 2150 639 2223 nifi
657 2149 815 2242 celeriter
827 2151 887 2222 ad·

78 2261 205 2348 eidem,
220 2261 379 2359 Tegeam
392 2261 517 2359 abipsa
531 2266 574 2336 ad
581 2261 746 2360 Argivos,
756 2287 888 2341 eorum-

79 2403 154 2475 -que
169 2376 275 2450 socios
288 2375 507 2462 defecturam,
517 2396 552 2450 et
566 2379 812 2474 propemodum
815 2379 888 2474 jam

80 2488 255 2566 defeciffe.
294 2490 402 2586 Tunc
420 2517 503 2568 vero
521 2490 801 2584 Lacedaemonii,
821 2510 891 2563 tam

78 2607 157 2702 apfi,
173 2630 273 2702 quam
289 2603 447 2690 Helotes,
458 2630 535 2678 cum
549 2601 821 2700 frequent-illimis
834 2627 889 2676 co·

78 2722 151 2814 ·piis
166 2720 314 2798 exomni
329 2718 406 2792 suae
420 2714 558 2792 di'tionir
567 2719 697 2813 populo
705 2732 902 2814 congrega-⁶

89 2835 143 2918 tis,
158 2830 319 2918 citiffime‚
330 2834 358 2906 fi
371 2857 521 2929 unquam
535 2853 627 2916 ante5
646 2855 746 2927 opem
760 2824 888 2931 Tegea·
1004 2927 1008 2934 ¹

79 2945 135 3024 ais
156 2947 321 3038 tulerunt,
357 2945 503 3138 drerusst
521 2965 636 3028 autem
648 2948 696 3048 ad
714 2944 890 3041 oestrum

456 3141 477 3158 „.
521 3086 538 3166 3
