2242 3659
267 262 717 366 numeroram.
817 278 892 375 13'3

84 391 263 490 metipso
278 392 365 489 erat)
383 394 442 487 qui
451 393 615 491 juberent
629 393 895 471 Lacedaemoni*
930 422 936 429 ·

84 508 426 604 os,'s1quidfinceri
446 508 482 579 in
501 509 613 582 animo
632 510 810 597 haberent,
829 511 893 586 Pa·

83 627 220 697 nadum
235 626 383 695 eredum
398 647 438 693 ac
452 619 626 723 integrum,
646 646 679 699 et
700 624 893 722 Amphipo-

82 740 137 811 lin
148 736 343 825 restituere3
354 759 389 808 et
399 735 610 809 Boeotorum
617 738 808 813 societatem
819 740 893 813 mis·

82 852 154 924 sam
168 850 295 933 facere,
309 850 369 922 nisr
382 848 522 922 foedera
524 852 636 948 secum
649 853 737 927 inire
751 854 892 941 vellent,

80 967 368 1062 quemadmodum
383 984 520 1036 cautum
534 964 661 1049 fuerat,
678 987 716 1039 ut
729 970 844 1041 neutri
857 970 893 1042 fi-

82 1084 130 1154 ne¹
143 1100 264 1153 mutuo
278 1077 441 1152 consensu
455 1103 533 1150 cum
547 1079 620 1152 ullo
630 1080 892 1175 paciscerentur.

83 1193 305 1290 Imperarunt
319 1194 433 1276 etiam,
449 1213 488 1266 ut
501 1194 675 1279 dicerent,
688 1194 722 1269 se
741 1220 892 1291 quoque,

80 1309 275 1408 fiinjuriam
285 1306 399 1380 facere
409 1306 600 1393 voluiffent,
610 1308 803 1383 societatem
813 1336 892 1384 cum

83 1422 225 1519 Argivis
234 1424 306 1521 jam
320 1421 466 1495 inituros
480 1420 599 1496 fuiffe:
629 1426 722 1519 quod
742 1424 801 1521 ipsi
815 1422 892 1496 Ar·

77 1537 157 1639 givi
170 1540 235 1609 hac
250 1535 318 1631 ipsa
337 1538 380 1609 de
398 1536 496 1608 causa
513 1535 671 1611 adessent.
700 1538 746 1611 Et
765 1539 789 1613 fi
807 1540 892 1635 quid

83 1654 175 1725 aliud
193 1647 334 1725 crimini
347 1649 483 1733 dabant,
502 1649 642 1723 Niciam
661 1654 801 1751 ejusque
819 1654 891 1727 col·

82 1768 176 1863 legas
200 1792 278 1839 cum
296 1764 460 1836 mandatis
478 1764 522 1836 de
540 1765 698 1836 omnibus
717 1765 892 1841 miserunt.

83 1882 172 1955 Cum
185 1903 300 1953 autem
313 1879 418 1975 legati
432 1874 671 1974 perveniffent‚
686 1898 812 1952 etcum
827 1876 892 1953 alia

83 1990 349 2076 denunciaffent,
369 2013 442 2064 tum
460 1992 561 2072 etiam
576 1995 619 2066 ad
633 2012 824 2067 extremum
838 1995 890 2068 di'·

82 2109 216 2193 xiffent,
241 2108 300 2179 nifi
321 2106 579 2179 Lacedaemonii
597 2106 792 2183 societatem
812 2111 891 2182 cuni

84 2223 223 2299 Boeotis
233 2223 350 2294 initam
359 2221 571 2305 dirimerent,
581 2223 639 2316 qui
651 2220 773 2296 foedus
776 2224 890 2322 strum

85 2338 170 2413 inire
185 2337 378 2420 noluerant,
394 2333 428 2408 se
442 2360 581 2431 quoque
595 2360 672 2409 cnm
687 2334 840 2433 Argivis,
857 2346 889 2411 ε’-

85 2461 253 2547 orumque
267 2449 363 2521 sociis
377 2449 570 2524 societatem
584 2450 750 2523 facturos:
781 2450 890 2525 Lace·

84 2566 252 2641 daemonii
267 2562 526 2658 responderunt,
544 2564 579 2637 se
598 2564 790 2638 societatem
811 2589 890 2637 cum

86 2676 222 2755 Boeotis
236 2680 354 2752 initam
367 2702 437 2750 non
456 2679 674 2762 diremturm,
695 2676 794 2772 (nam
819 2680 890 2750 Xe·¹
962 2706 968 2729 t

87 2819 181 2869 nares
199 2794 362 2889 Ephorus
381 2811 416 2864 et
436 2791 513 2876 alii,
542 2812 713 2887 quotquot
739 2792 889 2891 ejusdem

87 2906 236 2981 fadionis
251 2926 359 2990 erant,
375 2906 558 2989 evicerant,
578 2925 617 2979 ut
637 2908 720 2979 haec
739 2906 890 3001 fierent,)

87 3019 233 3110 ,foederis
248 3042 358 3096 tamen
367 3020 606 3122 jusjurandum
626 3020 728 3111 Nicia
745 3038 889 3117 rogante

461 3132 524 3239 13
